%YAML 1.1
%TAG !u! tag:unity3d.com,2011:
--- !u!29 &1
OcclusionCullingSettings:
  m_ObjectHideFlags: 0
  serializedVersion: 2
  m_OcclusionBakeSettings:
    smallestOccluder: 5
    smallestHole: 0.25
    backfaceThreshold: 100
  m_SceneGUID: 00000000000000000000000000000000
  m_OcclusionCullingData: {fileID: 0}
--- !u!104 &2
RenderSettings:
  m_ObjectHideFlags: 0
  serializedVersion: 9
  m_Fog: 0
  m_FogColor: {r: 0.5, g: 0.5, b: 0.5, a: 1}
  m_FogMode: 3
  m_FogDensity: 0.01
  m_LinearFogStart: 0
  m_LinearFogEnd: 300
  m_AmbientSkyColor: {r: 0.2, g: 0.2, b: 0.2, a: 1}
  m_AmbientEquatorColor: {r: 0.2, g: 0.2, b: 0.2, a: 1}
  m_AmbientGroundColor: {r: 0.2, g: 0.2, b: 0.2, a: 1}
  m_AmbientIntensity: 1
  m_AmbientMode: 3
  m_SubtractiveShadowColor: {r: 0.42, g: 0.478, b: 0.627, a: 1}
  m_SkyboxMaterial: {fileID: 0}
  m_HaloStrength: 0.5
  m_FlareStrength: 1
  m_FlareFadeSpeed: 3
  m_HaloTexture: {fileID: 0}
  m_SpotCookie: {fileID: 10001, guid: 0000000000000000e000000000000000, type: 0}
  m_DefaultReflectionMode: 0
  m_DefaultReflectionResolution: 128
  m_ReflectionBounces: 1
  m_ReflectionIntensity: 1
  m_CustomReflection: {fileID: 0}
  m_Sun: {fileID: 0}
  m_IndirectSpecularColor: {r: 0, g: 0, b: 0, a: 1}
  m_UseRadianceAmbientProbe: 0
--- !u!157 &4
LightmapSettings:
  m_ObjectHideFlags: 0
  serializedVersion: 11
  m_GIWorkflowMode: 1
  m_GISettings:
    serializedVersion: 2
    m_BounceScale: 1
    m_IndirectOutputScale: 1
    m_AlbedoBoost: 1
    m_TemporalCoherenceThreshold: 1
    m_EnvironmentLightingMode: 0
    m_EnableBakedLightmaps: 1
    m_EnableRealtimeLightmaps: 0
  m_LightmapEditorSettings:
    serializedVersion: 10
    m_Resolution: 1
    m_BakeResolution: 50
    m_AtlasSize: 1024
    m_AO: 0
    m_AOMaxDistance: 1
    m_CompAOExponent: 0
    m_CompAOExponentDirect: 0
    m_Padding: 2
    m_LightmapParameters: {fileID: 0}
    m_LightmapsBakeMode: 1
    m_TextureCompression: 0
    m_FinalGather: 0
    m_FinalGatherFiltering: 1
    m_FinalGatherRayCount: 1024
    m_ReflectionCompression: 2
    m_MixedBakeMode: 1
    m_BakeBackend: 0
    m_PVRSampling: 1
    m_PVRDirectSampleCount: 32
    m_PVRSampleCount: 500
    m_PVRBounces: 2
    m_PVRFilterTypeDirect: 0
    m_PVRFilterTypeIndirect: 0
    m_PVRFilterTypeAO: 0
    m_PVRFilteringMode: 0
    m_PVRCulling: 1
    m_PVRFilteringGaussRadiusDirect: 1
    m_PVRFilteringGaussRadiusIndirect: 5
    m_PVRFilteringGaussRadiusAO: 2
    m_PVRFilteringAtrousPositionSigmaDirect: 0.5
    m_PVRFilteringAtrousPositionSigmaIndirect: 2
    m_PVRFilteringAtrousPositionSigmaAO: 1
    m_ShowResolutionOverlay: 1
  m_LightingDataAsset: {fileID: 0}
  m_UseShadowmask: 0
--- !u!196 &5
NavMeshSettings:
  serializedVersion: 2
  m_ObjectHideFlags: 0
  m_BuildSettings:
    serializedVersion: 2
    agentTypeID: 0
    agentRadius: 0.5
    agentHeight: 2
    agentSlope: 45
    agentClimb: 0.4
    ledgeDropHeight: 0
    maxJumpAcrossDistance: 0
    minRegionArea: 2
    manualCellSize: 0
    cellSize: 0.16666666
    manualTileSize: 0
    tileSize: 256
    accuratePlacement: 0
    debug:
      m_Flags: 0
  m_NavMeshData: {fileID: 0}
--- !u!1 &20727835
GameObject:
  m_ObjectHideFlags: 0
  m_CorrespondingSourceObject: {fileID: 100044, guid: 959d14bf134f54a6e993fe6ca6e063c0,
    type: 3}
  m_PrefabInternal: {fileID: 260883069}
  serializedVersion: 6
  m_Component:
  - component: {fileID: 20727836}
  m_Layer: 0
  m_Name: Bip002 R Toe01
  m_TagString: Untagged
  m_Icon: {fileID: 0}
  m_NavMeshLayer: 0
  m_StaticEditorFlags: 0
  m_IsActive: 1
--- !u!4 &20727836
Transform:
  m_ObjectHideFlags: 0
  m_CorrespondingSourceObject: {fileID: 400044, guid: 959d14bf134f54a6e993fe6ca6e063c0,
    type: 3}
  m_PrefabInternal: {fileID: 260883069}
  m_GameObject: {fileID: 20727835}
  m_LocalRotation: {x: 0, y: -1.0418551e-15, z: -0, w: 1}
  m_LocalPosition: {x: -0.012151627, y: 0, z: 0}
  m_LocalScale: {x: 1, y: 1, z: 1}
  m_Children:
  - {fileID: 605085144}
  m_Father: {fileID: 391558349}
  m_RootOrder: 0
  m_LocalEulerAnglesHint: {x: 0, y: 0, z: 0}
--- !u!1 &39300713
GameObject:
  m_ObjectHideFlags: 0
  m_CorrespondingSourceObject: {fileID: 100060, guid: 959d14bf134f54a6e993fe6ca6e063c0,
    type: 3}
  m_PrefabInternal: {fileID: 260883069}
  serializedVersion: 6
  m_Component:
  - component: {fileID: 39300714}
  m_Layer: 0
  m_Name: BipDummy L Finger01
  m_TagString: Untagged
  m_Icon: {fileID: 0}
  m_NavMeshLayer: 0
  m_StaticEditorFlags: 0
  m_IsActive: 1
--- !u!4 &39300714
Transform:
  m_ObjectHideFlags: 0
  m_CorrespondingSourceObject: {fileID: 400060, guid: 959d14bf134f54a6e993fe6ca6e063c0,
    type: 3}
  m_PrefabInternal: {fileID: 260883069}
  m_GameObject: {fileID: 39300713}
  m_LocalRotation: {x: 0, y: 0, z: -0.24637195, w: 0.9691754}
  m_LocalPosition: {x: -0.028966127, y: 0, z: -0.00000003051758}
  m_LocalScale: {x: 1.0000001, y: 1.0000001, z: 1}
  m_Children:
  - {fileID: 1535535361}
  m_Father: {fileID: 89244904}
  m_RootOrder: 0
  m_LocalEulerAnglesHint: {x: 0, y: 0, z: 0}
--- !u!1 &89244903
GameObject:
  m_ObjectHideFlags: 0
  m_CorrespondingSourceObject: {fileID: 100006, guid: 959d14bf134f54a6e993fe6ca6e063c0,
    type: 3}
  m_PrefabInternal: {fileID: 260883069}
  serializedVersion: 6
  m_Component:
  - component: {fileID: 89244904}
  m_Layer: 0
  m_Name: Bip002 L Finger0
  m_TagString: Untagged
  m_Icon: {fileID: 0}
  m_NavMeshLayer: 0
  m_StaticEditorFlags: 0
  m_IsActive: 1
--- !u!4 &89244904
Transform:
  m_ObjectHideFlags: 0
  m_CorrespondingSourceObject: {fileID: 400006, guid: 959d14bf134f54a6e993fe6ca6e063c0,
    type: 3}
  m_PrefabInternal: {fileID: 260883069}
  m_GameObject: {fileID: 89244903}
  m_LocalRotation: {x: 0.40023914, y: -0.27571434, z: 0.056018174, w: 0.87215376}
  m_LocalPosition: {x: -0.042638857, y: 0.010434205, z: -0.028118744}
  m_LocalScale: {x: 1.0000001, y: 1, z: 0.9999999}
  m_Children:
  - {fileID: 39300714}
  m_Father: {fileID: 1053997057}
  m_RootOrder: 0
  m_LocalEulerAnglesHint: {x: 0, y: 0, z: 0}
--- !u!1 &195107428
GameObject:
  m_ObjectHideFlags: 0
  m_CorrespondingSourceObject: {fileID: 100002, guid: 959d14bf134f54a6e993fe6ca6e063c0,
    type: 3}
  m_PrefabInternal: {fileID: 260883069}
  serializedVersion: 6
  m_Component:
  - component: {fileID: 195107429}
  m_Layer: 0
  m_Name: Bip002 L Calf
  m_TagString: Untagged
  m_Icon: {fileID: 0}
  m_NavMeshLayer: 0
  m_StaticEditorFlags: 0
  m_IsActive: 1
--- !u!4 &195107429
Transform:
  m_ObjectHideFlags: 0
  m_CorrespondingSourceObject: {fileID: 400002, guid: 959d14bf134f54a6e993fe6ca6e063c0,
    type: 3}
  m_PrefabInternal: {fileID: 260883069}
  m_GameObject: {fileID: 195107428}
  m_LocalRotation: {x: -3.5029177e-10, y: 8.9379376e-10, z: 0.12818542, w: 0.99175024}
  m_LocalPosition: {x: -0.42230678, y: 0, z: 0}
  m_LocalScale: {x: 1.0000001, y: 1.0000001, z: 1}
  m_Children:
  - {fileID: 1160629469}
  m_Father: {fileID: 2052917520}
  m_RootOrder: 0
  m_LocalEulerAnglesHint: {x: 0, y: 0, z: 0}
--- !u!1 &218855501
GameObject:
  m_ObjectHideFlags: 0
  m_CorrespondingSourceObject: {fileID: 100116, guid: 959d14bf134f54a6e993fe6ca6e063c0,
    type: 3}
  m_PrefabInternal: {fileID: 260883069}
  serializedVersion: 6
  m_Component:
  - component: {fileID: 218855502}
  - component: {fileID: 218855503}
  m_Layer: 0
  m_Name: Dummy
  m_TagString: Untagged
  m_Icon: {fileID: 0}
  m_NavMeshLayer: 0
  m_StaticEditorFlags: 0
  m_IsActive: 1
--- !u!4 &218855502
Transform:
  m_ObjectHideFlags: 0
  m_CorrespondingSourceObject: {fileID: 400116, guid: 959d14bf134f54a6e993fe6ca6e063c0,
    type: 3}
  m_PrefabInternal: {fileID: 260883069}
  m_GameObject: {fileID: 218855501}
  m_LocalRotation: {x: 0.000000021855694, y: 0, z: -0, w: 1}
  m_LocalPosition: {x: -0, y: 0, z: 0}
  m_LocalScale: {x: 1.9103826, y: 1.9103826, z: 1.9103826}
  m_Children: []
  m_Father: {fileID: 2082835394}
  m_RootOrder: 1
  m_LocalEulerAnglesHint: {x: 0, y: 0, z: 0}
--- !u!137 &218855503
SkinnedMeshRenderer:
  m_ObjectHideFlags: 0
  m_CorrespondingSourceObject: {fileID: 13700000, guid: 959d14bf134f54a6e993fe6ca6e063c0,
    type: 3}
  m_PrefabInternal: {fileID: 260883069}
  m_GameObject: {fileID: 218855501}
  m_Enabled: 1
  m_CastShadows: 1
  m_ReceiveShadows: 1
  m_DynamicOccludee: 1
  m_MotionVectors: 1
  m_LightProbeUsage: 1
  m_ReflectionProbeUsage: 1
  m_RenderingLayerMask: 4294967295
  m_Materials:
  - {fileID: 2100000, guid: 8a758f41de96147d29c0b9d92ce2a3c5, type: 2}
  m_StaticBatchInfo:
    firstSubMesh: 0
    subMeshCount: 0
  m_StaticBatchRoot: {fileID: 0}
  m_ProbeAnchor: {fileID: 0}
  m_LightProbeVolumeOverride: {fileID: 0}
  m_ScaleInLightmap: 1
  m_PreserveUVs: 0
  m_IgnoreNormalsForChartDetection: 0
  m_ImportantGI: 0
  m_StitchLightmapSeams: 0
  m_SelectedEditorRenderState: 3
  m_MinimumChartSize: 4
  m_AutoUVMaxDistance: 0.5
  m_AutoUVMaxAngle: 89
  m_LightmapParameters: {fileID: 0}
  m_SortingLayerID: 0
  m_SortingLayer: 0
  m_SortingOrder: 0
  serializedVersion: 2
  m_Quality: 0
  m_UpdateWhenOffscreen: 0
  m_SkinnedMotionVectors: 1
  m_Mesh: {fileID: 4300000, guid: 959d14bf134f54a6e993fe6ca6e063c0, type: 3}
  m_Bones:
  - {fileID: 2052917520}
  - {fileID: 318977295}
  - {fileID: 630866592}
  - {fileID: 1316688097}
  - {fileID: 1546922768}
  - {fileID: 1653753813}
  - {fileID: 1768931555}
  - {fileID: 1426189641}
  - {fileID: 326545851}
  - {fileID: 886382057}
  - {fileID: 1227616575}
  - {fileID: 1439946713}
  - {fileID: 1458837684}
  - {fileID: 2061910666}
  - {fileID: 1292982885}
  - {fileID: 704622890}
  - {fileID: 195107429}
  - {fileID: 1160629469}
  - {fileID: 502749294}
  - {fileID: 951907480}
  - {fileID: 1059831906}
  - {fileID: 391558349}
  - {fileID: 89244904}
  - {fileID: 1053997057}
  - {fileID: 1171796179}
  - {fileID: 1287959408}
  - {fileID: 1608289418}
  - {fileID: 39300714}
  - {fileID: 1840196513}
  - {fileID: 1535535361}
  - {fileID: 874613551}
  - {fileID: 1478648701}
  - {fileID: 1206312398}
  - {fileID: 646536411}
  - {fileID: 1738281904}
  - {fileID: 753843406}
  - {fileID: 622188418}
  - {fileID: 1653629902}
  - {fileID: 2094688270}
  - {fileID: 2003802864}
  - {fileID: 1909931528}
  - {fileID: 1383052060}
  - {fileID: 493428892}
  - {fileID: 1992831247}
  - {fileID: 303032850}
  - {fileID: 1434849848}
  - {fileID: 904181670}
  - {fileID: 1063097382}
  - {fileID: 1110493415}
  - {fileID: 1225287533}
  - {fileID: 220264198}
  - {fileID: 1586474062}
  - {fileID: 1290507416}
  - {fileID: 1553659183}
  - {fileID: 605085144}
  - {fileID: 2120615058}
  m_BlendShapeWeights: []
  m_RootBone: {fileID: 1316688097}
  m_AABB:
    m_Center: {x: -0.013714805, y: -0.00000086426735, z: 0.00061771274}
    m_Extent: {x: 0.1674635, y: 0.48301005, z: 0.89055586}
  m_DirtyAABB: 0
--- !u!1 &220264197
GameObject:
  m_ObjectHideFlags: 0
  m_CorrespondingSourceObject: {fileID: 100094, guid: 959d14bf134f54a6e993fe6ca6e063c0,
    type: 3}
  m_PrefabInternal: {fileID: 260883069}
  serializedVersion: 6
  m_Component:
  - component: {fileID: 220264198}
  m_Layer: 0
  m_Name: BipDummy R Finger11
  m_TagString: Untagged
  m_Icon: {fileID: 0}
  m_NavMeshLayer: 0
  m_StaticEditorFlags: 0
  m_IsActive: 1
--- !u!4 &220264198
Transform:
  m_ObjectHideFlags: 0
  m_CorrespondingSourceObject: {fileID: 400094, guid: 959d14bf134f54a6e993fe6ca6e063c0,
    type: 3}
  m_PrefabInternal: {fileID: 260883069}
  m_GameObject: {fileID: 220264197}
  m_LocalRotation: {x: 0.000000001861105, y: -7.57366e-11, z: -0.040660772, w: 0.99917305}
  m_LocalPosition: {x: -0.047266603, y: 0.00000001525879, z: -0.00000001525879}
  m_LocalScale: {x: 0.99999994, y: 0.99999994, z: 0.99999994}
  m_Children:
  - {fileID: 1586474062}
  m_Father: {fileID: 493428892}
  m_RootOrder: 0
  m_LocalEulerAnglesHint: {x: 0, y: 0, z: 0}
--- !u!1 &242885084
GameObject:
  m_ObjectHideFlags: 0
  m_CorrespondingSourceObject: {fileID: 100052, guid: 959d14bf134f54a6e993fe6ca6e063c0,
    type: 3}
  m_PrefabInternal: {fileID: 260883069}
  serializedVersion: 6
  m_Component:
  - component: {fileID: 704622890}
  m_Layer: 0
  m_Name: Bip002 Spine1
  m_TagString: Untagged
  m_Icon: {fileID: 0}
  m_NavMeshLayer: 0
  m_StaticEditorFlags: 0
  m_IsActive: 1
--- !u!1001 &260883069
Prefab:
  m_ObjectHideFlags: 0
  serializedVersion: 2
  m_Modification:
    m_TransformParent: {fileID: 0}
    m_Modifications:
    - target: {fileID: 400118, guid: 959d14bf134f54a6e993fe6ca6e063c0, type: 3}
      propertyPath: m_LocalPosition.x
      value: 0
      objectReference: {fileID: 0}
    - target: {fileID: 400118, guid: 959d14bf134f54a6e993fe6ca6e063c0, type: 3}
      propertyPath: m_LocalPosition.y
      value: 0
      objectReference: {fileID: 0}
    - target: {fileID: 400118, guid: 959d14bf134f54a6e993fe6ca6e063c0, type: 3}
      propertyPath: m_LocalPosition.z
      value: 0
      objectReference: {fileID: 0}
    - target: {fileID: 400118, guid: 959d14bf134f54a6e993fe6ca6e063c0, type: 3}
      propertyPath: m_LocalRotation.x
      value: 0
      objectReference: {fileID: 0}
    - target: {fileID: 400118, guid: 959d14bf134f54a6e993fe6ca6e063c0, type: 3}
      propertyPath: m_LocalRotation.y
      value: 0
      objectReference: {fileID: 0}
    - target: {fileID: 400118, guid: 959d14bf134f54a6e993fe6ca6e063c0, type: 3}
      propertyPath: m_LocalRotation.z
      value: 0
      objectReference: {fileID: 0}
    - target: {fileID: 400118, guid: 959d14bf134f54a6e993fe6ca6e063c0, type: 3}
      propertyPath: m_LocalRotation.w
      value: 1
      objectReference: {fileID: 0}
    - target: {fileID: 400118, guid: 959d14bf134f54a6e993fe6ca6e063c0, type: 3}
      propertyPath: m_RootOrder
      value: 4
      objectReference: {fileID: 0}
    - target: {fileID: 9500000, guid: 959d14bf134f54a6e993fe6ca6e063c0, type: 3}
      propertyPath: m_Controller
      value: 
      objectReference: {fileID: 9100000, guid: c6a41433f43f04320a84210d6839f609, type: 2}
    - target: {fileID: 9500000, guid: 959d14bf134f54a6e993fe6ca6e063c0, type: 3}
      propertyPath: m_ApplyRootMotion
      value: 0
      objectReference: {fileID: 0}
    m_RemovedComponents: []
  m_SourcePrefab: {fileID: 100100000, guid: 959d14bf134f54a6e993fe6ca6e063c0, type: 3}
  m_RootGameObject: {fileID: 2082835393}
  m_IsPrefabAsset: 0
--- !u!1 &303032849
GameObject:
  m_ObjectHideFlags: 0
  m_CorrespondingSourceObject: {fileID: 100110, guid: 959d14bf134f54a6e993fe6ca6e063c0,
    type: 3}
  m_PrefabInternal: {fileID: 260883069}
  serializedVersion: 6
  m_Component:
  - component: {fileID: 303032850}
  m_Layer: 0
  m_Name: BipDummy R Finger4
  m_TagString: Untagged
  m_Icon: {fileID: 0}
  m_NavMeshLayer: 0
  m_StaticEditorFlags: 0
  m_IsActive: 1
--- !u!4 &303032850
Transform:
  m_ObjectHideFlags: 0
  m_CorrespondingSourceObject: {fileID: 400110, guid: 959d14bf134f54a6e993fe6ca6e063c0,
    type: 3}
  m_PrefabInternal: {fileID: 260883069}
  m_GameObject: {fileID: 303032849}
  m_LocalRotation: {x: 0.0007130304, y: -0.0098164985, z: -0.032043967, w: 0.99943805}
  m_LocalPosition: {x: -0.09384656, y: 0.009099671, z: -0.039979525}
  m_LocalScale: {x: 1.0000001, y: 1.0000001, z: 1}
  m_Children:
  - {fileID: 1290507416}
  m_Father: {fileID: 2003802864}
  m_RootOrder: 4
  m_LocalEulerAnglesHint: {x: 0, y: 0, z: 0}
--- !u!1 &318977294
GameObject:
  m_ObjectHideFlags: 0
  m_CorrespondingSourceObject: {fileID: 100026, guid: 959d14bf134f54a6e993fe6ca6e063c0,
    type: 3}
  m_PrefabInternal: {fileID: 260883069}
  serializedVersion: 6
  m_Component:
  - component: {fileID: 318977295}
  m_Layer: 0
  m_Name: Bip002 Pelvis
  m_TagString: Untagged
  m_Icon: {fileID: 0}
  m_NavMeshLayer: 0
  m_StaticEditorFlags: 0
  m_IsActive: 1
--- !u!4 &318977295
Transform:
  m_ObjectHideFlags: 0
  m_CorrespondingSourceObject: {fileID: 400026, guid: 959d14bf134f54a6e993fe6ca6e063c0,
    type: 3}
  m_PrefabInternal: {fileID: 260883069}
  m_GameObject: {fileID: 318977294}
  m_LocalRotation: {x: -0.49999964, y: 0.50000036, z: 0.49999964, w: 0.50000036}
  m_LocalPosition: {x: -0, y: 0, z: 0}
  m_LocalScale: {x: 1, y: 1, z: 1}
  m_Children:
  - {fileID: 630866592}
  m_Father: {fileID: 1316688097}
  m_RootOrder: 0
  m_LocalEulerAnglesHint: {x: 0, y: 0, z: 0}
--- !u!4 &326545851
Transform:
  m_ObjectHideFlags: 0
  m_CorrespondingSourceObject: {fileID: 400056, guid: 959d14bf134f54a6e993fe6ca6e063c0,
    type: 3}
  m_PrefabInternal: {fileID: 260883069}
  m_GameObject: {fileID: 672397047}
  m_LocalRotation: {x: -1.1736887e-13, y: 0.000000010320554, z: -0.0037209955, w: 0.9999931}
  m_LocalPosition: {x: -0.10531482, y: -0.00008385468, z: -2.3258327e-10}
  m_LocalScale: {x: 1, y: 1, z: 1}
  m_Children:
  - {fileID: 886382057}
  m_Father: {fileID: 1426189641}
  m_RootOrder: 0
  m_LocalEulerAnglesHint: {x: 0, y: 0, z: 0}
--- !u!1 &340743659
GameObject:
  m_ObjectHideFlags: 0
  m_CorrespondingSourceObject: {fileID: 0}
  m_PrefabInternal: {fileID: 0}
  serializedVersion: 6
  m_Component:
  - component: {fileID: 340743660}
  - component: {fileID: 340743661}
  - component: {fileID: 340743663}
  - component: {fileID: 340743664}
  - component: {fileID: 340743662}
  m_Layer: 0
  m_Name: Main Camera
  m_TagString: MainCamera
  m_Icon: {fileID: 0}
  m_NavMeshLayer: 0
  m_StaticEditorFlags: 0
  m_IsActive: 1
--- !u!4 &340743660
Transform:
  m_ObjectHideFlags: 0
  m_CorrespondingSourceObject: {fileID: 0}
  m_PrefabInternal: {fileID: 0}
  m_GameObject: {fileID: 340743659}
  m_LocalRotation: {x: 0.010451215, y: 0.9545902, z: -0.13709058, w: -0.2643001}
  m_LocalPosition: {x: 0.8828898, y: 1.6776807, z: 2.2280314}
  m_LocalScale: {x: 1, y: 1, z: 1}
  m_Children: []
  m_Father: {fileID: 0}
  m_RootOrder: 2
  m_LocalEulerAnglesHint: {x: 0, y: 0, z: 0}
--- !u!20 &340743661
Camera:
  m_ObjectHideFlags: 0
  m_CorrespondingSourceObject: {fileID: 0}
  m_PrefabInternal: {fileID: 0}
  m_GameObject: {fileID: 340743659}
  m_Enabled: 1
  serializedVersion: 2
  m_ClearFlags: 1
  m_BackGroundColor: {r: 0.2835821, g: 0.2835821, b: 0.2835821, a: 0.019607844}
  m_projectionMatrixMode: 1
  m_SensorSize: {x: 36, y: 24}
  m_LensShift: {x: 0, y: 0}
  m_FocalLength: 50
  m_NormalizedViewPortRect:
    serializedVersion: 2
    x: 0
    y: 0
    width: 1
    height: 1
  near clip plane: 0.3
  far clip plane: 1000
  field of view: 60
  orthographic: 0
  orthographic size: 100
  m_Depth: -1
  m_CullingMask:
    serializedVersion: 2
    m_Bits: 4294967295
  m_RenderingPath: -1
  m_TargetTexture: {fileID: 0}
  m_TargetDisplay: 0
  m_TargetEye: 3
  m_HDR: 0
  m_AllowMSAA: 1
  m_AllowDynamicResolution: 0
  m_ForceIntoRT: 0
  m_OcclusionCulling: 1
  m_StereoConvergence: 10
  m_StereoSeparation: 0.022
--- !u!81 &340743662
AudioListener:
  m_ObjectHideFlags: 0
  m_CorrespondingSourceObject: {fileID: 0}
  m_PrefabInternal: {fileID: 0}
  m_GameObject: {fileID: 340743659}
  m_Enabled: 1
--- !u!92 &340743663
Behaviour:
  m_ObjectHideFlags: 0
  m_CorrespondingSourceObject: {fileID: 0}
  m_PrefabInternal: {fileID: 0}
  m_GameObject: {fileID: 340743659}
  m_Enabled: 1
--- !u!124 &340743664
Behaviour:
  m_ObjectHideFlags: 0
  m_CorrespondingSourceObject: {fileID: 0}
  m_PrefabInternal: {fileID: 0}
  m_GameObject: {fileID: 340743659}
  m_Enabled: 1
--- !u!1 &391558348
GameObject:
  m_ObjectHideFlags: 0
  m_CorrespondingSourceObject: {fileID: 100042, guid: 959d14bf134f54a6e993fe6ca6e063c0,
    type: 3}
  m_PrefabInternal: {fileID: 260883069}
  serializedVersion: 6
  m_Component:
  - component: {fileID: 391558349}
  m_Layer: 0
  m_Name: Bip002 R Toe0
  m_TagString: Untagged
  m_Icon: {fileID: 0}
  m_NavMeshLayer: 0
  m_StaticEditorFlags: 0
  m_IsActive: 1
--- !u!4 &391558349
Transform:
  m_ObjectHideFlags: 0
  m_CorrespondingSourceObject: {fileID: 400042, guid: 959d14bf134f54a6e993fe6ca6e063c0,
    type: 3}
  m_PrefabInternal: {fileID: 260883069}
  m_GameObject: {fileID: 391558348}
  m_LocalRotation: {x: -0.000000015454312, y: 0.000000015454312, z: -0.7071068, w: 0.7071068}
  m_LocalPosition: {x: -0.06716837, y: 0.13374838, z: 0}
  m_LocalScale: {x: 1, y: 1, z: 1}
  m_Children:
  - {fileID: 20727836}
  m_Father: {fileID: 502749294}
  m_RootOrder: 0
  m_LocalEulerAnglesHint: {x: 0, y: 0, z: 0}
--- !u!1 &493428891
GameObject:
  m_ObjectHideFlags: 0
  m_CorrespondingSourceObject: {fileID: 100092, guid: 959d14bf134f54a6e993fe6ca6e063c0,
    type: 3}
  m_PrefabInternal: {fileID: 260883069}
  serializedVersion: 6
  m_Component:
  - component: {fileID: 493428892}
  m_Layer: 0
  m_Name: BipDummy R Finger1
  m_TagString: Untagged
  m_Icon: {fileID: 0}
  m_NavMeshLayer: 0
  m_StaticEditorFlags: 0
  m_IsActive: 1
--- !u!4 &493428892
Transform:
  m_ObjectHideFlags: 0
  m_CorrespondingSourceObject: {fileID: 400092, guid: 959d14bf134f54a6e993fe6ca6e063c0,
    type: 3}
  m_PrefabInternal: {fileID: 260883069}
  m_GameObject: {fileID: 493428891}
  m_LocalRotation: {x: 0.00039008295, y: 0.000079733094, z: -0.20024739, w: 0.97974527}
  m_LocalPosition: {x: -0.1003982, y: -0.003286316, z: 0.022276932}
  m_LocalScale: {x: 1, y: 1, z: 1.0000001}
  m_Children:
  - {fileID: 220264198}
  m_Father: {fileID: 2003802864}
  m_RootOrder: 1
  m_LocalEulerAnglesHint: {x: 0, y: 0, z: 0}
--- !u!1 &502749293
GameObject:
  m_ObjectHideFlags: 0
  m_CorrespondingSourceObject: {fileID: 100034, guid: 959d14bf134f54a6e993fe6ca6e063c0,
    type: 3}
  m_PrefabInternal: {fileID: 260883069}
  serializedVersion: 6
  m_Component:
  - component: {fileID: 502749294}
  m_Layer: 0
  m_Name: Bip002 R Foot
  m_TagString: Untagged
  m_Icon: {fileID: 0}
  m_NavMeshLayer: 0
  m_StaticEditorFlags: 0
  m_IsActive: 1
--- !u!4 &502749294
Transform:
  m_ObjectHideFlags: 0
  m_CorrespondingSourceObject: {fileID: 400034, guid: 959d14bf134f54a6e993fe6ca6e063c0,
    type: 3}
  m_PrefabInternal: {fileID: 260883069}
  m_GameObject: {fileID: 502749293}
  m_LocalRotation: {x: 0.045867775, y: -0.013275983, z: -0.10180175, w: 0.99365807}
  m_LocalPosition: {x: -0.41098925, y: -0.000000007629395, z: 0}
  m_LocalScale: {x: 1, y: 0.99999994, z: 0.99999994}
  m_Children:
  - {fileID: 391558349}
  m_Father: {fileID: 1059831906}
  m_RootOrder: 0
  m_LocalEulerAnglesHint: {x: 0, y: 0, z: 0}
--- !u!1 &600676766
GameObject:
  m_ObjectHideFlags: 0
  m_CorrespondingSourceObject: {fileID: 0}
  m_PrefabInternal: {fileID: 0}
  serializedVersion: 6
  m_Component:
  - component: {fileID: 600676768}
  - component: {fileID: 600676767}
  m_Layer: 0
  m_Name: READ ME!
  m_TagString: Untagged
  m_Icon: {fileID: 0}
  m_NavMeshLayer: 0
  m_StaticEditorFlags: 0
  m_IsActive: 1
--- !u!114 &600676767
MonoBehaviour:
  m_ObjectHideFlags: 0
  m_CorrespondingSourceObject: {fileID: 0}
  m_PrefabInternal: {fileID: 0}
  m_GameObject: {fileID: 600676766}
  m_Enabled: 1
  m_EditorHideFlags: 0
  m_Script: {fileID: 11500000, guid: 92471cc1733c49042be56cd39b4b6e5e, type: 3}
  m_Name: 
  m_EditorClassIdentifier: 
  text: "AimIK is good for keeping objects steadily aimed at the target. Sometimes
    those objects have a lot of swinging motion in their animation though, like swinging
    a sword for example, and it is not good to use AimIK to keep the sword oriented
    towards a certain position during that swing. \nIt would keep the sword orientation
    fixed by bending the rest of the spine hierarchy and that would interfere with
    the animation in an unnatural way. \n\nIt is still possible to use AimIK to redirect
    swinging animations like swordplay or punching. For that, we would have to tell
    AimIK each frame that whatever the current animated pose, it is the default forward
    aiming pose.\n\nTake a look at AimSwing.cs to see how to dynamically adjust the
    \"Axis\" of AimIK to achieve redirection of weapon slashing animations.\n\nRight-click
    on any FinalIK component header and select \"User Manual\" or \"Script Reference\"
    for more info."
--- !u!4 &600676768
Transform:
  m_ObjectHideFlags: 0
  m_CorrespondingSourceObject: {fileID: 0}
  m_PrefabInternal: {fileID: 0}
  m_GameObject: {fileID: 600676766}
  m_LocalRotation: {x: 0, y: 0, z: 0, w: 1}
  m_LocalPosition: {x: 0, y: 0, z: 0}
  m_LocalScale: {x: 1, y: 1, z: 1}
  m_Children: []
  m_Father: {fileID: 0}
  m_RootOrder: 0
  m_LocalEulerAnglesHint: {x: 0, y: 0, z: 0}
--- !u!1 &605085143
GameObject:
  m_ObjectHideFlags: 0
  m_CorrespondingSourceObject: {fileID: 100046, guid: 959d14bf134f54a6e993fe6ca6e063c0,
    type: 3}
  m_PrefabInternal: {fileID: 260883069}
  serializedVersion: 6
  m_Component:
  - component: {fileID: 605085144}
  m_Layer: 0
  m_Name: Bip002 R Toe02
  m_TagString: Untagged
  m_Icon: {fileID: 0}
  m_NavMeshLayer: 0
  m_StaticEditorFlags: 0
  m_IsActive: 1
--- !u!4 &605085144
Transform:
  m_ObjectHideFlags: 0
  m_CorrespondingSourceObject: {fileID: 400046, guid: 959d14bf134f54a6e993fe6ca6e063c0,
    type: 3}
  m_PrefabInternal: {fileID: 260883069}
  m_GameObject: {fileID: 605085143}
  m_LocalRotation: {x: 0, y: -1.0418551e-15, z: -0, w: 1}
  m_LocalPosition: {x: -0.012151635, y: 0, z: 0}
  m_LocalScale: {x: 1, y: 1, z: 1}
  m_Children: []
  m_Father: {fileID: 20727836}
  m_RootOrder: 0
  m_LocalEulerAnglesHint: {x: 0, y: 0, z: 0}
--- !u!1 &622188417
GameObject:
  m_ObjectHideFlags: 0
  m_CorrespondingSourceObject: {fileID: 100084, guid: 959d14bf134f54a6e993fe6ca6e063c0,
    type: 3}
  m_PrefabInternal: {fileID: 260883069}
  serializedVersion: 6
  m_Component:
  - component: {fileID: 622188418}
  m_Layer: 0
  m_Name: BipDummy L Finger41
  m_TagString: Untagged
  m_Icon: {fileID: 0}
  m_NavMeshLayer: 0
  m_StaticEditorFlags: 0
  m_IsActive: 1
--- !u!4 &622188418
Transform:
  m_ObjectHideFlags: 0
  m_CorrespondingSourceObject: {fileID: 400084, guid: 959d14bf134f54a6e993fe6ca6e063c0,
    type: 3}
  m_PrefabInternal: {fileID: 260883069}
  m_GameObject: {fileID: 622188417}
  m_LocalRotation: {x: -0.000000027031515, y: 0.0000000021954984, z: -0.35165805,
    w: 0.93612856}
  m_LocalPosition: {x: -0.03212024, y: -0.00000003051758, z: -0.000000045776368}
  m_LocalScale: {x: 0.99999994, y: 0.99999976, z: 1}
  m_Children:
  - {fileID: 1653629902}
  m_Father: {fileID: 1840196513}
  m_RootOrder: 0
  m_LocalEulerAnglesHint: {x: 0, y: 0, z: 0}
--- !u!1 &630866591
GameObject:
  m_ObjectHideFlags: 0
  m_CorrespondingSourceObject: {fileID: 100050, guid: 959d14bf134f54a6e993fe6ca6e063c0,
    type: 3}
  m_PrefabInternal: {fileID: 260883069}
  serializedVersion: 6
  m_Component:
  - component: {fileID: 630866592}
  m_Layer: 0
  m_Name: Bip002 Spine
  m_TagString: Untagged
  m_Icon: {fileID: 0}
  m_NavMeshLayer: 0
  m_StaticEditorFlags: 0
  m_IsActive: 1
--- !u!4 &630866592
Transform:
  m_ObjectHideFlags: 0
  m_CorrespondingSourceObject: {fileID: 400050, guid: 959d14bf134f54a6e993fe6ca6e063c0,
    type: 3}
  m_PrefabInternal: {fileID: 260883069}
  m_GameObject: {fileID: 630866591}
  m_LocalRotation: {x: -0.000002070677, y: 0.000000684224, z: 0.013477894, w: 0.99990916}
  m_LocalPosition: {x: -0.09316022, y: -0.00008378435, z: 0.00000012931065}
  m_LocalScale: {x: 1, y: 1, z: 1}
  m_Children:
  - {fileID: 2052917520}
  - {fileID: 1546922768}
  - {fileID: 704622890}
  m_Father: {fileID: 318977295}
  m_RootOrder: 0
  m_LocalEulerAnglesHint: {x: 0, y: 0, z: 0}
--- !u!1 &646536410
GameObject:
  m_ObjectHideFlags: 0
  m_CorrespondingSourceObject: {fileID: 100080, guid: 959d14bf134f54a6e993fe6ca6e063c0,
    type: 3}
  m_PrefabInternal: {fileID: 260883069}
  serializedVersion: 6
  m_Component:
  - component: {fileID: 646536411}
  m_Layer: 0
  m_Name: BipDummy L Finger32
  m_TagString: Untagged
  m_Icon: {fileID: 0}
  m_NavMeshLayer: 0
  m_StaticEditorFlags: 0
  m_IsActive: 1
--- !u!4 &646536411
Transform:
  m_ObjectHideFlags: 0
  m_CorrespondingSourceObject: {fileID: 400080, guid: 959d14bf134f54a6e993fe6ca6e063c0,
    type: 3}
  m_PrefabInternal: {fileID: 260883069}
  m_GameObject: {fileID: 646536410}
  m_LocalRotation: {x: -0.000000023906223, y: -0.000000025557926, z: -0.30713028,
    w: 0.9516675}
  m_LocalPosition: {x: -0.02278595, y: -0.00000001525879, z: 0}
  m_LocalScale: {x: 0.9999999, y: 0.99999994, z: 0.99999994}
  m_Children: []
  m_Father: {fileID: 1206312398}
  m_RootOrder: 0
  m_LocalEulerAnglesHint: {x: 0, y: 0, z: 0}
--- !u!1 &672397047
GameObject:
  m_ObjectHideFlags: 0
  m_CorrespondingSourceObject: {fileID: 100056, guid: 959d14bf134f54a6e993fe6ca6e063c0,
    type: 3}
  m_PrefabInternal: {fileID: 260883069}
  serializedVersion: 6
  m_Component:
  - component: {fileID: 326545851}
  m_Layer: 0
  m_Name: Bip002 Spine3
  m_TagString: Untagged
  m_Icon: {fileID: 0}
  m_NavMeshLayer: 0
  m_StaticEditorFlags: 0
  m_IsActive: 1
--- !u!1 &677638901
GameObject:
  m_ObjectHideFlags: 0
  m_CorrespondingSourceObject: {fileID: 100038, guid: 959d14bf134f54a6e993fe6ca6e063c0,
    type: 3}
  m_PrefabInternal: {fileID: 260883069}
  serializedVersion: 6
  m_Component:
  - component: {fileID: 2003802864}
  m_Layer: 0
  m_Name: Bip002 R Hand
  m_TagString: Untagged
  m_Icon: {fileID: 0}
  m_NavMeshLayer: 0
  m_StaticEditorFlags: 0
  m_IsActive: 1
--- !u!4 &704622890
Transform:
  m_ObjectHideFlags: 0
  m_CorrespondingSourceObject: {fileID: 400052, guid: 959d14bf134f54a6e993fe6ca6e063c0,
    type: 3}
  m_PrefabInternal: {fileID: 260883069}
  m_GameObject: {fileID: 242885084}
  m_LocalRotation: {x: 4.0745185e-14, y: 0, z: -0, w: 1}
  m_LocalPosition: {x: -0.10531403, y: -0.00008385659, z: -2.3259054e-10}
  m_LocalScale: {x: 1, y: 1, z: 1}
  m_Children:
  - {fileID: 1426189641}
  m_Father: {fileID: 630866592}
  m_RootOrder: 2
  m_LocalEulerAnglesHint: {x: 0, y: 0, z: 0}
--- !u!1 &753843405
GameObject:
  m_ObjectHideFlags: 0
  m_CorrespondingSourceObject: {fileID: 100068, guid: 959d14bf134f54a6e993fe6ca6e063c0,
    type: 3}
  m_PrefabInternal: {fileID: 260883069}
  serializedVersion: 6
  m_Component:
  - component: {fileID: 753843406}
  m_Layer: 0
  m_Name: BipDummy L Finger12
  m_TagString: Untagged
  m_Icon: {fileID: 0}
  m_NavMeshLayer: 0
  m_StaticEditorFlags: 0
  m_IsActive: 1
--- !u!4 &753843406
Transform:
  m_ObjectHideFlags: 0
  m_CorrespondingSourceObject: {fileID: 400068, guid: 959d14bf134f54a6e993fe6ca6e063c0,
    type: 3}
  m_PrefabInternal: {fileID: 260883069}
  m_GameObject: {fileID: 753843405}
  m_LocalRotation: {x: 0.000000039817607, y: -0.000000012218085, z: -0.117604196,
    w: 0.9930606}
  m_LocalPosition: {x: -0.01876288, y: 0.00000003051758, z: 0}
  m_LocalScale: {x: 1, y: 1.0000001, z: 1}
  m_Children: []
  m_Father: {fileID: 1738281904}
  m_RootOrder: 0
  m_LocalEulerAnglesHint: {x: 0, y: 0, z: 0}
--- !u!1 &874613550
GameObject:
  m_ObjectHideFlags: 0
  m_CorrespondingSourceObject: {fileID: 100072, guid: 959d14bf134f54a6e993fe6ca6e063c0,
    type: 3}
  m_PrefabInternal: {fileID: 260883069}
  serializedVersion: 6
  m_Component:
  - component: {fileID: 874613551}
  m_Layer: 0
  m_Name: BipDummy L Finger21
  m_TagString: Untagged
  m_Icon: {fileID: 0}
  m_NavMeshLayer: 0
  m_StaticEditorFlags: 0
  m_IsActive: 1
--- !u!4 &874613551
Transform:
  m_ObjectHideFlags: 0
  m_CorrespondingSourceObject: {fileID: 400072, guid: 959d14bf134f54a6e993fe6ca6e063c0,
    type: 3}
  m_PrefabInternal: {fileID: 260883069}
  m_GameObject: {fileID: 874613550}
  m_LocalRotation: {x: 0.000000026105285, y: 0.000000005454415, z: -0.22450191, w: 0.97447366}
  m_LocalPosition: {x: -0.044976626, y: 0, z: 0}
  m_LocalScale: {x: 1, y: 1, z: 1.0000001}
  m_Children:
  - {fileID: 1478648701}
  m_Father: {fileID: 1171796179}
  m_RootOrder: 0
  m_LocalEulerAnglesHint: {x: 0, y: 0, z: 0}
--- !u!4 &886382057
Transform:
  m_ObjectHideFlags: 0
  m_CorrespondingSourceObject: {fileID: 400024, guid: 959d14bf134f54a6e993fe6ca6e063c0,
    type: 3}
  m_PrefabInternal: {fileID: 260883069}
  m_GameObject: {fileID: 1064061224}
  m_LocalRotation: {x: 4.448862e-14, y: 0.0000004163574, z: -0.15011443, w: 0.9886686}
  m_LocalPosition: {x: -0.10534644, y: -0.00010401631, z: -2.884772e-10}
  m_LocalScale: {x: 1.0000001, y: 1.0000001, z: 1}
  m_Children:
  - {fileID: 1227616575}
  - {fileID: 1653753813}
  - {fileID: 1439946713}
  m_Father: {fileID: 326545851}
  m_RootOrder: 0
  m_LocalEulerAnglesHint: {x: 0, y: 0, z: 0}
--- !u!1 &904181669
GameObject:
  m_ObjectHideFlags: 0
  m_CorrespondingSourceObject: {fileID: 100100, guid: 959d14bf134f54a6e993fe6ca6e063c0,
    type: 3}
  m_PrefabInternal: {fileID: 260883069}
  serializedVersion: 6
  m_Component:
  - component: {fileID: 904181670}
  m_Layer: 0
  m_Name: BipDummy R Finger21
  m_TagString: Untagged
  m_Icon: {fileID: 0}
  m_NavMeshLayer: 0
  m_StaticEditorFlags: 0
  m_IsActive: 1
--- !u!4 &904181670
Transform:
  m_ObjectHideFlags: 0
  m_CorrespondingSourceObject: {fileID: 400100, guid: 959d14bf134f54a6e993fe6ca6e063c0,
    type: 3}
  m_PrefabInternal: {fileID: 260883069}
  m_GameObject: {fileID: 904181669}
  m_LocalRotation: {x: 0.000000035312798, y: 0.0000000014167345, z: -0.2779434, w: 0.96059746}
  m_LocalPosition: {x: -0.044976626, y: -0.00000001525879, z: 0}
  m_LocalScale: {x: 1, y: 1, z: 1}
  m_Children:
  - {fileID: 1063097382}
  m_Father: {fileID: 1909931528}
  m_RootOrder: 0
  m_LocalEulerAnglesHint: {x: 0, y: 0, z: 0}
--- !u!1 &951907479
GameObject:
  m_ObjectHideFlags: 0
  m_CorrespondingSourceObject: {fileID: 100016, guid: 959d14bf134f54a6e993fe6ca6e063c0,
    type: 3}
  m_PrefabInternal: {fileID: 260883069}
  serializedVersion: 6
  m_Component:
  - component: {fileID: 951907480}
  m_Layer: 0
  m_Name: Bip002 L Toe0
  m_TagString: Untagged
  m_Icon: {fileID: 0}
  m_NavMeshLayer: 0
  m_StaticEditorFlags: 0
  m_IsActive: 1
--- !u!4 &951907480
Transform:
  m_ObjectHideFlags: 0
  m_CorrespondingSourceObject: {fileID: 400016, guid: 959d14bf134f54a6e993fe6ca6e063c0,
    type: 3}
  m_PrefabInternal: {fileID: 260883069}
  m_GameObject: {fileID: 951907479}
  m_LocalRotation: {x: -0.000000015454312, y: 0.000000015454312, z: -0.7071068, w: 0.7071068}
  m_LocalPosition: {x: -0.06716837, y: 0.13374838, z: 0}
  m_LocalScale: {x: 1, y: 1, z: 1}
  m_Children:
  - {fileID: 1509236481}
  m_Father: {fileID: 1160629469}
  m_RootOrder: 0
  m_LocalEulerAnglesHint: {x: 0, y: 0, z: 0}
--- !u!1 &1053997056
GameObject:
  m_ObjectHideFlags: 0
  m_CorrespondingSourceObject: {fileID: 100012, guid: 959d14bf134f54a6e993fe6ca6e063c0,
    type: 3}
  m_PrefabInternal: {fileID: 260883069}
  serializedVersion: 6
  m_Component:
  - component: {fileID: 1053997057}
  m_Layer: 0
  m_Name: Bip002 L Hand
  m_TagString: Untagged
  m_Icon: {fileID: 0}
  m_NavMeshLayer: 0
  m_StaticEditorFlags: 0
  m_IsActive: 1
--- !u!4 &1053997057
Transform:
  m_ObjectHideFlags: 0
  m_CorrespondingSourceObject: {fileID: 400012, guid: 959d14bf134f54a6e993fe6ca6e063c0,
    type: 3}
  m_PrefabInternal: {fileID: 260883069}
  m_GameObject: {fileID: 1053997056}
  m_LocalRotation: {x: -0.7212754, y: -0.08105717, z: 0.07682164, w: 0.6835861}
  m_LocalPosition: {x: -0.2430326, y: -0.00000003051758, z: 0}
  m_LocalScale: {x: 1, y: 1, z: 1.0000001}
  m_Children:
  - {fileID: 89244904}
  - {fileID: 1608289418}
  - {fileID: 1171796179}
  - {fileID: 1287959408}
  - {fileID: 1840196513}
  m_Father: {fileID: 1458837684}
  m_RootOrder: 0
  m_LocalEulerAnglesHint: {x: 0, y: 0, z: 0}
--- !u!1 &1059831905
GameObject:
  m_ObjectHideFlags: 0
  m_CorrespondingSourceObject: {fileID: 100028, guid: 959d14bf134f54a6e993fe6ca6e063c0,
    type: 3}
  m_PrefabInternal: {fileID: 260883069}
  serializedVersion: 6
  m_Component:
  - component: {fileID: 1059831906}
  m_Layer: 0
  m_Name: Bip002 R Calf
  m_TagString: Untagged
  m_Icon: {fileID: 0}
  m_NavMeshLayer: 0
  m_StaticEditorFlags: 0
  m_IsActive: 1
--- !u!4 &1059831906
Transform:
  m_ObjectHideFlags: 0
  m_CorrespondingSourceObject: {fileID: 400028, guid: 959d14bf134f54a6e993fe6ca6e063c0,
    type: 3}
  m_PrefabInternal: {fileID: 260883069}
  m_GameObject: {fileID: 1059831905}
  m_LocalRotation: {x: -2.2306051e-10, y: -0.000000001906969, z: 0.12818292, w: 0.99175054}
  m_LocalPosition: {x: -0.42230672, y: 0, z: 0}
  m_LocalScale: {x: 1, y: 1, z: 0.99999994}
  m_Children:
  - {fileID: 502749294}
  m_Father: {fileID: 1546922768}
  m_RootOrder: 0
  m_LocalEulerAnglesHint: {x: 0, y: 0, z: 0}
--- !u!1 &1063097381
GameObject:
  m_ObjectHideFlags: 0
  m_CorrespondingSourceObject: {fileID: 100102, guid: 959d14bf134f54a6e993fe6ca6e063c0,
    type: 3}
  m_PrefabInternal: {fileID: 260883069}
  serializedVersion: 6
  m_Component:
  - component: {fileID: 1063097382}
  m_Layer: 0
  m_Name: BipDummy R Finger22
  m_TagString: Untagged
  m_Icon: {fileID: 0}
  m_NavMeshLayer: 0
  m_StaticEditorFlags: 0
  m_IsActive: 1
--- !u!4 &1063097382
Transform:
  m_ObjectHideFlags: 0
  m_CorrespondingSourceObject: {fileID: 400102, guid: 959d14bf134f54a6e993fe6ca6e063c0,
    type: 3}
  m_PrefabInternal: {fileID: 260883069}
  m_GameObject: {fileID: 1063097381}
  m_LocalRotation: {x: -3.7377737e-10, y: -0.0000000037064913, z: -0.100335106, w: 0.99495375}
  m_LocalPosition: {x: -0.023578431, y: 0, z: 0.00000003051758}
  m_LocalScale: {x: 1, y: 1.0000001, z: 1.0000001}
  m_Children: []
  m_Father: {fileID: 904181670}
  m_RootOrder: 0
  m_LocalEulerAnglesHint: {x: 0, y: 0, z: 0}
--- !u!1 &1064061224
GameObject:
  m_ObjectHideFlags: 0
  m_CorrespondingSourceObject: {fileID: 100024, guid: 959d14bf134f54a6e993fe6ca6e063c0,
    type: 3}
  m_PrefabInternal: {fileID: 260883069}
  serializedVersion: 6
  m_Component:
  - component: {fileID: 886382057}
  m_Layer: 0
  m_Name: Bip002 Neck
  m_TagString: Untagged
  m_Icon: {fileID: 0}
  m_NavMeshLayer: 0
  m_StaticEditorFlags: 0
  m_IsActive: 1
--- !u!1 &1110493414
GameObject:
  m_ObjectHideFlags: 0
  m_CorrespondingSourceObject: {fileID: 100106, guid: 959d14bf134f54a6e993fe6ca6e063c0,
    type: 3}
  m_PrefabInternal: {fileID: 260883069}
  serializedVersion: 6
  m_Component:
  - component: {fileID: 1110493415}
  m_Layer: 0
  m_Name: BipDummy R Finger31
  m_TagString: Untagged
  m_Icon: {fileID: 0}
  m_NavMeshLayer: 0
  m_StaticEditorFlags: 0
  m_IsActive: 1
--- !u!4 &1110493415
Transform:
  m_ObjectHideFlags: 0
  m_CorrespondingSourceObject: {fileID: 400106, guid: 959d14bf134f54a6e993fe6ca6e063c0,
    type: 3}
  m_PrefabInternal: {fileID: 260883069}
  m_GameObject: {fileID: 1110493414}
  m_LocalRotation: {x: -0.000000009311458, y: 1.813486e-10, z: -0.615464, w: 0.78816503}
  m_LocalPosition: {x: -0.040773623, y: 0.00000003051758, z: 0.00000001525879}
  m_LocalScale: {x: 1.0000001, y: 1.0000001, z: 1}
  m_Children:
  - {fileID: 1225287533}
  m_Father: {fileID: 1383052060}
  m_RootOrder: 0
  m_LocalEulerAnglesHint: {x: 0, y: 0, z: 0}
--- !u!1 &1160629468
GameObject:
  m_ObjectHideFlags: 0
  m_CorrespondingSourceObject: {fileID: 100008, guid: 959d14bf134f54a6e993fe6ca6e063c0,
    type: 3}
  m_PrefabInternal: {fileID: 260883069}
  serializedVersion: 6
  m_Component:
  - component: {fileID: 1160629469}
  m_Layer: 0
  m_Name: Bip002 L Foot
  m_TagString: Untagged
  m_Icon: {fileID: 0}
  m_NavMeshLayer: 0
  m_StaticEditorFlags: 0
  m_IsActive: 1
--- !u!4 &1160629469
Transform:
  m_ObjectHideFlags: 0
  m_CorrespondingSourceObject: {fileID: 400008, guid: 959d14bf134f54a6e993fe6ca6e063c0,
    type: 3}
  m_PrefabInternal: {fileID: 260883069}
  m_GameObject: {fileID: 1160629468}
  m_LocalRotation: {x: -0.04586778, y: 0.013275927, z: -0.101802245, w: 0.993658}
  m_LocalPosition: {x: -0.41098914, y: -0.000000007629395, z: 0}
  m_LocalScale: {x: 1, y: 0.99999994, z: 0.99999994}
  m_Children:
  - {fileID: 951907480}
  m_Father: {fileID: 195107429}
  m_RootOrder: 0
  m_LocalEulerAnglesHint: {x: 0, y: 0, z: 0}
--- !u!1 &1171796178
GameObject:
  m_ObjectHideFlags: 0
  m_CorrespondingSourceObject: {fileID: 100070, guid: 959d14bf134f54a6e993fe6ca6e063c0,
    type: 3}
  m_PrefabInternal: {fileID: 260883069}
  serializedVersion: 6
  m_Component:
  - component: {fileID: 1171796179}
  m_Layer: 0
  m_Name: BipDummy L Finger2
  m_TagString: Untagged
  m_Icon: {fileID: 0}
  m_NavMeshLayer: 0
  m_StaticEditorFlags: 0
  m_IsActive: 1
--- !u!4 &1171796179
Transform:
  m_ObjectHideFlags: 0
  m_CorrespondingSourceObject: {fileID: 400070, guid: 959d14bf134f54a6e993fe6ca6e063c0,
    type: 3}
  m_PrefabInternal: {fileID: 260883069}
  m_GameObject: {fileID: 1171796178}
  m_LocalRotation: {x: -0.001918456, y: 0.023514757, z: -0.14601779, w: 0.9890006}
  m_LocalPosition: {x: -0.10838886, y: -0.005206055, z: -0.00035929872}
  m_LocalScale: {x: 1, y: 1.0000001, z: 1.0000001}
  m_Children:
  - {fileID: 874613551}
  m_Father: {fileID: 1053997057}
  m_RootOrder: 2
  m_LocalEulerAnglesHint: {x: 0, y: 0, z: 0}
--- !u!1 &1178531802
GameObject:
  m_ObjectHideFlags: 0
  m_CorrespondingSourceObject: {fileID: 0}
  m_PrefabInternal: {fileID: 0}
  serializedVersion: 6
  m_Component:
  - component: {fileID: 1178531803}
  - component: {fileID: 1178531804}
  m_Layer: 0
  m_Name: Directional light
  m_TagString: Untagged
  m_Icon: {fileID: 0}
  m_NavMeshLayer: 0
  m_StaticEditorFlags: 0
  m_IsActive: 1
--- !u!4 &1178531803
Transform:
  m_ObjectHideFlags: 0
  m_CorrespondingSourceObject: {fileID: 0}
  m_PrefabInternal: {fileID: 0}
  m_GameObject: {fileID: 1178531802}
  m_LocalRotation: {x: 0.8722197, y: -0.22294034, z: -0.12568198, w: 0.41681477}
  m_LocalPosition: {x: -0.022630244, y: 3.5827851, z: 0.086004406}
  m_LocalScale: {x: 1, y: 1, z: 1}
  m_Children: []
  m_Father: {fileID: 0}
  m_RootOrder: 1
  m_LocalEulerAnglesHint: {x: 0, y: 0, z: 0}
--- !u!108 &1178531804
Light:
  m_ObjectHideFlags: 0
  m_CorrespondingSourceObject: {fileID: 0}
  m_PrefabInternal: {fileID: 0}
  m_GameObject: {fileID: 1178531802}
  m_Enabled: 1
  serializedVersion: 8
  m_Type: 1
  m_Color: {r: 1, g: 1, b: 1, a: 1}
  m_Intensity: 1
  m_Range: 10
  m_SpotAngle: 30
  m_CookieSize: 10
  m_Shadows:
    m_Type: 2
    m_Resolution: -1
    m_CustomResolution: -1
    m_Strength: 0.796
    m_Bias: 0.044
    m_NormalBias: 0.4
    m_NearPlane: 0.2
  m_Cookie: {fileID: 0}
  m_DrawHalo: 0
  m_Flare: {fileID: 0}
  m_RenderMode: 0
  m_CullingMask:
    serializedVersion: 2
    m_Bits: 4294967295
  m_Lightmapping: 1
  m_LightShadowCasterMode: 0
  m_AreaSize: {x: 1, y: 1}
  m_BounceIntensity: 1
  m_ColorTemperature: 6570
  m_UseColorTemperature: 0
  m_ShadowRadius: 0
  m_ShadowAngle: 0
--- !u!1 &1206312397
GameObject:
  m_ObjectHideFlags: 0
  m_CorrespondingSourceObject: {fileID: 100078, guid: 959d14bf134f54a6e993fe6ca6e063c0,
    type: 3}
  m_PrefabInternal: {fileID: 260883069}
  serializedVersion: 6
  m_Component:
  - component: {fileID: 1206312398}
  m_Layer: 0
  m_Name: BipDummy L Finger31
  m_TagString: Untagged
  m_Icon: {fileID: 0}
  m_NavMeshLayer: 0
  m_StaticEditorFlags: 0
  m_IsActive: 1
--- !u!4 &1206312398
Transform:
  m_ObjectHideFlags: 0
  m_CorrespondingSourceObject: {fileID: 400078, guid: 959d14bf134f54a6e993fe6ca6e063c0,
    type: 3}
  m_PrefabInternal: {fileID: 260883069}
  m_GameObject: {fileID: 1206312397}
  m_LocalRotation: {x: 0.0000000026053375, y: -0.0000000045790607, z: -0.26490858,
    w: 0.9642736}
  m_LocalPosition: {x: -0.040773623, y: 0.00000003051758, z: 0.00000001525879}
  m_LocalScale: {x: 1, y: 1.0000001, z: 1.0000001}
  m_Children:
  - {fileID: 646536411}
  m_Father: {fileID: 1287959408}
  m_RootOrder: 0
  m_LocalEulerAnglesHint: {x: 0, y: 0, z: 0}
--- !u!1 &1222256819
GameObject:
  m_ObjectHideFlags: 0
  m_CorrespondingSourceObject: {fileID: 0}
  m_PrefabInternal: {fileID: 0}
  serializedVersion: 6
  m_Component:
  - component: {fileID: 1222256823}
  - component: {fileID: 1222256822}
  - component: {fileID: 1222256821}
  m_Layer: 0
  m_Name: Swing Target
  m_TagString: Untagged
  m_Icon: {fileID: 0}
  m_NavMeshLayer: 0
  m_StaticEditorFlags: 0
  m_IsActive: 1
--- !u!23 &1222256821
MeshRenderer:
  m_ObjectHideFlags: 0
  m_CorrespondingSourceObject: {fileID: 0}
  m_PrefabInternal: {fileID: 0}
  m_GameObject: {fileID: 1222256819}
  m_Enabled: 1
  m_CastShadows: 0
  m_ReceiveShadows: 0
  m_DynamicOccludee: 1
  m_MotionVectors: 1
  m_LightProbeUsage: 0
  m_ReflectionProbeUsage: 1
  m_RenderingLayerMask: 4294967295
  m_Materials:
  - {fileID: 2100000, guid: aae886dd0d5d59844b4ec40cc2d96918, type: 2}
  m_StaticBatchInfo:
    firstSubMesh: 0
    subMeshCount: 0
  m_StaticBatchRoot: {fileID: 0}
  m_ProbeAnchor: {fileID: 0}
  m_LightProbeVolumeOverride: {fileID: 0}
  m_ScaleInLightmap: 1
  m_PreserveUVs: 0
  m_IgnoreNormalsForChartDetection: 0
  m_ImportantGI: 0
  m_StitchLightmapSeams: 0
  m_SelectedEditorRenderState: 3
  m_MinimumChartSize: 4
  m_AutoUVMaxDistance: 0.5
  m_AutoUVMaxAngle: 89
  m_LightmapParameters: {fileID: 0}
  m_SortingLayerID: 0
  m_SortingLayer: 0
  m_SortingOrder: 0
--- !u!33 &1222256822
MeshFilter:
  m_ObjectHideFlags: 0
  m_CorrespondingSourceObject: {fileID: 0}
  m_PrefabInternal: {fileID: 0}
  m_GameObject: {fileID: 1222256819}
  m_Mesh: {fileID: 10207, guid: 0000000000000000e000000000000000, type: 0}
--- !u!4 &1222256823
Transform:
  m_ObjectHideFlags: 0
  m_CorrespondingSourceObject: {fileID: 0}
  m_PrefabInternal: {fileID: 0}
  m_GameObject: {fileID: 1222256819}
  m_LocalRotation: {x: 0, y: 0, z: 0, w: 1}
  m_LocalPosition: {x: -0.10584736, y: 1.2019104, z: 1.2010946}
  m_LocalScale: {x: 0.15, y: 0.15, z: 0.15}
  m_Children: []
  m_Father: {fileID: 0}
  m_RootOrder: 3
  m_LocalEulerAnglesHint: {x: 0, y: 0, z: 0}
--- !u!1 &1225287532
GameObject:
  m_ObjectHideFlags: 0
  m_CorrespondingSourceObject: {fileID: 100108, guid: 959d14bf134f54a6e993fe6ca6e063c0,
    type: 3}
  m_PrefabInternal: {fileID: 260883069}
  serializedVersion: 6
  m_Component:
  - component: {fileID: 1225287533}
  m_Layer: 0
  m_Name: BipDummy R Finger32
  m_TagString: Untagged
  m_Icon: {fileID: 0}
  m_NavMeshLayer: 0
  m_StaticEditorFlags: 0
  m_IsActive: 1
--- !u!4 &1225287533
Transform:
  m_ObjectHideFlags: 0
  m_CorrespondingSourceObject: {fileID: 400108, guid: 959d14bf134f54a6e993fe6ca6e063c0,
    type: 3}
  m_PrefabInternal: {fileID: 260883069}
  m_GameObject: {fileID: 1225287532}
  m_LocalRotation: {x: 0.000000014849564, y: -0.0000000022370685, z: -0.27046826,
    w: 0.9627289}
  m_LocalPosition: {x: -0.02278583, y: 0, z: -0.00000001525879}
  m_LocalScale: {x: 1, y: 1, z: 1}
  m_Children: []
  m_Father: {fileID: 1110493415}
  m_RootOrder: 0
  m_LocalEulerAnglesHint: {x: 0, y: 0, z: 0}
--- !u!1 &1227616574
GameObject:
  m_ObjectHideFlags: 0
  m_CorrespondingSourceObject: {fileID: 100000, guid: 959d14bf134f54a6e993fe6ca6e063c0,
    type: 3}
  m_PrefabInternal: {fileID: 260883069}
  serializedVersion: 6
  m_Component:
  - component: {fileID: 1227616575}
  m_Layer: 0
  m_Name: Bip002 Head
  m_TagString: Untagged
  m_Icon: {fileID: 0}
  m_NavMeshLayer: 0
  m_StaticEditorFlags: 0
  m_IsActive: 1
--- !u!4 &1227616575
Transform:
  m_ObjectHideFlags: 0
  m_CorrespondingSourceObject: {fileID: 400000, guid: 959d14bf134f54a6e993fe6ca6e063c0,
    type: 3}
  m_PrefabInternal: {fileID: 260883069}
  m_GameObject: {fileID: 1227616574}
  m_LocalRotation: {x: 4.7719963e-11, y: -0.00000040002516, z: 0.14414449, w: 0.98955667}
  m_LocalPosition: {x: -0.1367727, y: 0, z: 1.1641533e-13}
  m_LocalScale: {x: 1.0000001, y: 1.0000001, z: 1}
  m_Children: []
  m_Father: {fileID: 886382057}
  m_RootOrder: 0
  m_LocalEulerAnglesHint: {x: 0, y: 0, z: 0}
--- !u!1 &1287959407
GameObject:
  m_ObjectHideFlags: 0
  m_CorrespondingSourceObject: {fileID: 100076, guid: 959d14bf134f54a6e993fe6ca6e063c0,
    type: 3}
  m_PrefabInternal: {fileID: 260883069}
  serializedVersion: 6
  m_Component:
  - component: {fileID: 1287959408}
  m_Layer: 0
  m_Name: BipDummy L Finger3
  m_TagString: Untagged
  m_Icon: {fileID: 0}
  m_NavMeshLayer: 0
  m_StaticEditorFlags: 0
  m_IsActive: 1
--- !u!4 &1287959408
Transform:
  m_ObjectHideFlags: 0
  m_CorrespondingSourceObject: {fileID: 400076, guid: 959d14bf134f54a6e993fe6ca6e063c0,
    type: 3}
  m_PrefabInternal: {fileID: 260883069}
  m_GameObject: {fileID: 1287959407}
  m_LocalRotation: {x: -0.002835928, y: 0.013507943, z: -0.17714134, w: 0.98408866}
  m_LocalPosition: {x: -0.10328601, y: 0.0010223389, z: 0.020135194}
  m_LocalScale: {x: 1, y: 1.0000001, z: 1.0000001}
  m_Children:
  - {fileID: 1206312398}
  m_Father: {fileID: 1053997057}
  m_RootOrder: 3
  m_LocalEulerAnglesHint: {x: 0, y: 0, z: 0}
--- !u!1 &1290507415
GameObject:
  m_ObjectHideFlags: 0
  m_CorrespondingSourceObject: {fileID: 100112, guid: 959d14bf134f54a6e993fe6ca6e063c0,
    type: 3}
  m_PrefabInternal: {fileID: 260883069}
  serializedVersion: 6
  m_Component:
  - component: {fileID: 1290507416}
  m_Layer: 0
  m_Name: BipDummy R Finger41
  m_TagString: Untagged
  m_Icon: {fileID: 0}
  m_NavMeshLayer: 0
  m_StaticEditorFlags: 0
  m_IsActive: 1
--- !u!4 &1290507416
Transform:
  m_ObjectHideFlags: 0
  m_CorrespondingSourceObject: {fileID: 400112, guid: 959d14bf134f54a6e993fe6ca6e063c0,
    type: 3}
  m_PrefabInternal: {fileID: 260883069}
  m_GameObject: {fileID: 1290507415}
  m_LocalRotation: {x: 0.0000000024180136, y: 0.0000000028339022, z: -0.6490805, w: 0.7607197}
  m_LocalPosition: {x: -0.032120302, y: 0.00000006103516, z: 0.00000006103516}
  m_LocalScale: {x: 0.9999999, y: 0.99999976, z: 0.99999994}
  m_Children:
  - {fileID: 1553659183}
  m_Father: {fileID: 303032850}
  m_RootOrder: 0
  m_LocalEulerAnglesHint: {x: 0, y: 0, z: 0}
--- !u!1 &1292982884
GameObject:
  m_ObjectHideFlags: 0
  m_CorrespondingSourceObject: {fileID: 100036, guid: 959d14bf134f54a6e993fe6ca6e063c0,
    type: 3}
  m_PrefabInternal: {fileID: 260883069}
  serializedVersion: 6
  m_Component:
  - component: {fileID: 1292982885}
  m_Layer: 0
  m_Name: Bip002 R Forearm
  m_TagString: Untagged
  m_Icon: {fileID: 0}
  m_NavMeshLayer: 0
  m_StaticEditorFlags: 0
  m_IsActive: 1
--- !u!4 &1292982885
Transform:
  m_ObjectHideFlags: 0
  m_CorrespondingSourceObject: {fileID: 400036, guid: 959d14bf134f54a6e993fe6ca6e063c0,
    type: 3}
  m_PrefabInternal: {fileID: 260883069}
  m_GameObject: {fileID: 1292982884}
  m_LocalRotation: {x: -0.000000024085356, y: -0.0000000072251183, z: 0.28733006,
    w: 0.9578316}
  m_LocalPosition: {x: -0.24303266, y: 0, z: 0}
  m_LocalScale: {x: 1, y: 1, z: 1}
  m_Children:
  - {fileID: 2003802864}
  m_Father: {fileID: 2061910666}
  m_RootOrder: 0
  m_LocalEulerAnglesHint: {x: 0, y: 0, z: 0}
--- !u!1 &1316688096
GameObject:
  m_ObjectHideFlags: 0
  m_CorrespondingSourceObject: {fileID: 100058, guid: 959d14bf134f54a6e993fe6ca6e063c0,
    type: 3}
  m_PrefabInternal: {fileID: 260883069}
  serializedVersion: 6
  m_Component:
  - component: {fileID: 1316688097}
  m_Layer: 0
  m_Name: BipDummy
  m_TagString: Untagged
  m_Icon: {fileID: 0}
  m_NavMeshLayer: 0
  m_StaticEditorFlags: 0
  m_IsActive: 1
--- !u!4 &1316688097
Transform:
  m_ObjectHideFlags: 0
  m_CorrespondingSourceObject: {fileID: 400058, guid: 959d14bf134f54a6e993fe6ca6e063c0,
    type: 3}
  m_PrefabInternal: {fileID: 260883069}
  m_GameObject: {fileID: 1316688096}
  m_LocalRotation: {x: -0.50000054, y: 0.49999946, z: 0.49999946, w: 0.50000054}
  m_LocalPosition: {x: -1.4901162e-10, y: 0.89560544, z: -0.0034221578}
  m_LocalScale: {x: 1, y: 1, z: 1}
  m_Children:
  - {fileID: 318977295}
  m_Father: {fileID: 2082835394}
  m_RootOrder: 0
  m_LocalEulerAnglesHint: {x: 0, y: 0, z: 0}
--- !u!1 &1326096875
GameObject:
  m_ObjectHideFlags: 0
  m_CorrespondingSourceObject: {fileID: 0}
  m_PrefabInternal: {fileID: 0}
  serializedVersion: 6
  m_Component:
  - component: {fileID: 1326096876}
  - component: {fileID: 1326096879}
  - component: {fileID: 1326096877}
  m_Layer: 0
  m_Name: Prop
  m_TagString: Untagged
  m_Icon: {fileID: 0}
  m_NavMeshLayer: 0
  m_StaticEditorFlags: 0
  m_IsActive: 1
--- !u!4 &1326096876
Transform:
  m_ObjectHideFlags: 0
  m_CorrespondingSourceObject: {fileID: 0}
  m_PrefabInternal: {fileID: 0}
  m_GameObject: {fileID: 1326096875}
  m_LocalRotation: {x: 0.1777969, y: 0.000000059604645, z: -0.0000000037252903, w: 0.9840672}
  m_LocalPosition: {x: -0.105998725, y: -0.08122723, z: 0.35171276}
  m_LocalScale: {x: 0.068461396, y: 0.0684614, z: 0.8940683}
  m_Children: []
  m_Father: {fileID: 2003802864}
  m_RootOrder: 5
  m_LocalEulerAnglesHint: {x: 0, y: 0, z: 0}
--- !u!23 &1326096877
MeshRenderer:
  m_ObjectHideFlags: 0
  m_CorrespondingSourceObject: {fileID: 0}
  m_PrefabInternal: {fileID: 0}
  m_GameObject: {fileID: 1326096875}
  m_Enabled: 1
  m_CastShadows: 1
  m_ReceiveShadows: 1
  m_DynamicOccludee: 1
  m_MotionVectors: 1
  m_LightProbeUsage: 0
  m_ReflectionProbeUsage: 1
  m_RenderingLayerMask: 4294967295
  m_Materials:
  - {fileID: 2100000, guid: aec38ac1f2b4b994f9fe780ff5de7217, type: 2}
  m_StaticBatchInfo:
    firstSubMesh: 0
    subMeshCount: 0
  m_StaticBatchRoot: {fileID: 0}
  m_ProbeAnchor: {fileID: 0}
  m_LightProbeVolumeOverride: {fileID: 0}
  m_ScaleInLightmap: 1
  m_PreserveUVs: 0
  m_IgnoreNormalsForChartDetection: 0
  m_ImportantGI: 0
  m_StitchLightmapSeams: 0
  m_SelectedEditorRenderState: 3
  m_MinimumChartSize: 4
  m_AutoUVMaxDistance: 0.5
  m_AutoUVMaxAngle: 89
  m_LightmapParameters: {fileID: 0}
  m_SortingLayerID: 0
  m_SortingLayer: 0
  m_SortingOrder: 0
--- !u!33 &1326096879
MeshFilter:
  m_ObjectHideFlags: 0
  m_CorrespondingSourceObject: {fileID: 0}
  m_PrefabInternal: {fileID: 0}
  m_GameObject: {fileID: 1326096875}
  m_Mesh: {fileID: 10202, guid: 0000000000000000e000000000000000, type: 0}
--- !u!1 &1383052059
GameObject:
  m_ObjectHideFlags: 0
  m_CorrespondingSourceObject: {fileID: 100104, guid: 959d14bf134f54a6e993fe6ca6e063c0,
    type: 3}
  m_PrefabInternal: {fileID: 260883069}
  serializedVersion: 6
  m_Component:
  - component: {fileID: 1383052060}
  m_Layer: 0
  m_Name: BipDummy R Finger3
  m_TagString: Untagged
  m_Icon: {fileID: 0}
  m_NavMeshLayer: 0
  m_StaticEditorFlags: 0
  m_IsActive: 1
--- !u!4 &1383052060
Transform:
  m_ObjectHideFlags: 0
  m_CorrespondingSourceObject: {fileID: 400104, guid: 959d14bf134f54a6e993fe6ca6e063c0,
    type: 3}
  m_PrefabInternal: {fileID: 260883069}
  m_GameObject: {fileID: 1383052059}
  m_LocalRotation: {x: 0.0022173636, y: -0.0136231445, z: -0.13210824, w: 0.99113923}
  m_LocalPosition: {x: -0.10328601, y: 0.0010224, z: -0.020135256}
  m_LocalScale: {x: 1, y: 1, z: 1.0000001}
  m_Children:
  - {fileID: 1110493415}
  m_Father: {fileID: 2003802864}
  m_RootOrder: 3
  m_LocalEulerAnglesHint: {x: 0, y: 0, z: 0}
--- !u!4 &1426189641
Transform:
  m_ObjectHideFlags: 0
  m_CorrespondingSourceObject: {fileID: 400054, guid: 959d14bf134f54a6e993fe6ca6e063c0,
    type: 3}
  m_PrefabInternal: {fileID: 260883069}
  m_GameObject: {fileID: 1490008262}
  m_LocalRotation: {x: -8.096637e-15, y: 0.000000010320556, z: -0.0037209948, w: 0.9999931}
  m_LocalPosition: {x: -0.10531482, y: -0.00008385659, z: -2.3258327e-10}
  m_LocalScale: {x: 1, y: 1, z: 1}
  m_Children:
  - {fileID: 326545851}
  m_Father: {fileID: 704622890}
  m_RootOrder: 0
  m_LocalEulerAnglesHint: {x: 0, y: 0, z: 0}
--- !u!1 &1434849847
GameObject:
  m_ObjectHideFlags: 0
  m_CorrespondingSourceObject: {fileID: 100090, guid: 959d14bf134f54a6e993fe6ca6e063c0,
    type: 3}
  m_PrefabInternal: {fileID: 260883069}
  serializedVersion: 6
  m_Component:
  - component: {fileID: 1434849848}
  m_Layer: 0
  m_Name: BipDummy R Finger02
  m_TagString: Untagged
  m_Icon: {fileID: 0}
  m_NavMeshLayer: 0
  m_StaticEditorFlags: 0
  m_IsActive: 1
--- !u!4 &1434849848
Transform:
  m_ObjectHideFlags: 0
  m_CorrespondingSourceObject: {fileID: 400090, guid: 959d14bf134f54a6e993fe6ca6e063c0,
    type: 3}
  m_PrefabInternal: {fileID: 260883069}
  m_GameObject: {fileID: 1434849847}
  m_LocalRotation: {x: -0.0051727896, y: -0.14755645, z: -0.23301202, w: 0.9612002}
  m_LocalPosition: {x: -0.032908753, y: -0.000000007629395, z: -0.00000003051758}
  m_LocalScale: {x: 1.0000001, y: 1.0000001, z: 1.0000001}
  m_Children: []
  m_Father: {fileID: 1992831247}
  m_RootOrder: 0
  m_LocalEulerAnglesHint: {x: 0, y: 0, z: 0}
--- !u!1 &1439946712
GameObject:
  m_ObjectHideFlags: 0
  m_CorrespondingSourceObject: {fileID: 100030, guid: 959d14bf134f54a6e993fe6ca6e063c0,
    type: 3}
  m_PrefabInternal: {fileID: 260883069}
  serializedVersion: 6
  m_Component:
  - component: {fileID: 1439946713}
  m_Layer: 0
  m_Name: Bip002 R Clavicle
  m_TagString: Untagged
  m_Icon: {fileID: 0}
  m_NavMeshLayer: 0
  m_StaticEditorFlags: 0
  m_IsActive: 1
--- !u!4 &1439946713
Transform:
  m_ObjectHideFlags: 0
  m_CorrespondingSourceObject: {fileID: 400030, guid: 959d14bf134f54a6e993fe6ca6e063c0,
    type: 3}
  m_PrefabInternal: {fileID: 260883069}
  m_GameObject: {fileID: 1439946712}
  m_LocalRotation: {x: 0.69003195, y: 0.10505109, z: 0.7079571, w: -0.10778195}
  m_LocalPosition: {x: -0, y: 0.0001090088, z: -0.028353818}
  m_LocalScale: {x: 1, y: 1, z: 1}
  m_Children:
  - {fileID: 2061910666}
  m_Father: {fileID: 886382057}
  m_RootOrder: 2
  m_LocalEulerAnglesHint: {x: 0, y: 0, z: 0}
--- !u!1 &1458837683
GameObject:
  m_ObjectHideFlags: 0
  m_CorrespondingSourceObject: {fileID: 100010, guid: 959d14bf134f54a6e993fe6ca6e063c0,
    type: 3}
  m_PrefabInternal: {fileID: 260883069}
  serializedVersion: 6
  m_Component:
  - component: {fileID: 1458837684}
  m_Layer: 0
  m_Name: Bip002 L Forearm
  m_TagString: Untagged
  m_Icon: {fileID: 0}
  m_NavMeshLayer: 0
  m_StaticEditorFlags: 0
  m_IsActive: 1
--- !u!4 &1458837684
Transform:
  m_ObjectHideFlags: 0
  m_CorrespondingSourceObject: {fileID: 400010, guid: 959d14bf134f54a6e993fe6ca6e063c0,
    type: 3}
  m_PrefabInternal: {fileID: 260883069}
  m_GameObject: {fileID: 1458837683}
  m_LocalRotation: {x: -0.000000030864356, y: 0.000000021855683, z: 0.28733003, w: 0.9578316}
  m_LocalPosition: {x: -0.2430326, y: 0.00000006103516, z: 0}
  m_LocalScale: {x: 1.0000001, y: 1.0000001, z: 1.0000001}
  m_Children:
  - {fileID: 1053997057}
  m_Father: {fileID: 1768931555}
  m_RootOrder: 0
  m_LocalEulerAnglesHint: {x: 0, y: 0, z: 0}
--- !u!1 &1478648700
GameObject:
  m_ObjectHideFlags: 0
  m_CorrespondingSourceObject: {fileID: 100074, guid: 959d14bf134f54a6e993fe6ca6e063c0,
    type: 3}
  m_PrefabInternal: {fileID: 260883069}
  serializedVersion: 6
  m_Component:
  - component: {fileID: 1478648701}
  m_Layer: 0
  m_Name: BipDummy L Finger22
  m_TagString: Untagged
  m_Icon: {fileID: 0}
  m_NavMeshLayer: 0
  m_StaticEditorFlags: 0
  m_IsActive: 1
--- !u!4 &1478648701
Transform:
  m_ObjectHideFlags: 0
  m_CorrespondingSourceObject: {fileID: 400074, guid: 959d14bf134f54a6e993fe6ca6e063c0,
    type: 3}
  m_PrefabInternal: {fileID: 260883069}
  m_GameObject: {fileID: 1478648700}
  m_LocalRotation: {x: -8.062054e-10, y: -0.000000037430024, z: -0.120907776, w: 0.99266374}
  m_LocalPosition: {x: -0.02357837, y: 0, z: -0.00000001525879}
  m_LocalScale: {x: 1, y: 1.0000001, z: 1}
  m_Children: []
  m_Father: {fileID: 874613551}
  m_RootOrder: 0
  m_LocalEulerAnglesHint: {x: 0, y: 0, z: 0}
--- !u!1 &1490008262
GameObject:
  m_ObjectHideFlags: 0
  m_CorrespondingSourceObject: {fileID: 100054, guid: 959d14bf134f54a6e993fe6ca6e063c0,
    type: 3}
  m_PrefabInternal: {fileID: 260883069}
  serializedVersion: 6
  m_Component:
  - component: {fileID: 1426189641}
  m_Layer: 0
  m_Name: Bip002 Spine2
  m_TagString: Untagged
  m_Icon: {fileID: 0}
  m_NavMeshLayer: 0
  m_StaticEditorFlags: 0
  m_IsActive: 1
--- !u!1 &1509236480
GameObject:
  m_ObjectHideFlags: 0
  m_CorrespondingSourceObject: {fileID: 100018, guid: 959d14bf134f54a6e993fe6ca6e063c0,
    type: 3}
  m_PrefabInternal: {fileID: 260883069}
  serializedVersion: 6
  m_Component:
  - component: {fileID: 1509236481}
  m_Layer: 0
  m_Name: Bip002 L Toe01
  m_TagString: Untagged
  m_Icon: {fileID: 0}
  m_NavMeshLayer: 0
  m_StaticEditorFlags: 0
  m_IsActive: 1
--- !u!4 &1509236481
Transform:
  m_ObjectHideFlags: 0
  m_CorrespondingSourceObject: {fileID: 400018, guid: 959d14bf134f54a6e993fe6ca6e063c0,
    type: 3}
  m_PrefabInternal: {fileID: 260883069}
  m_GameObject: {fileID: 1509236480}
  m_LocalRotation: {x: 0, y: -9.407548e-16, z: -0, w: 1}
  m_LocalPosition: {x: -0.012151627, y: 0, z: 0}
  m_LocalScale: {x: 1, y: 1, z: 1}
  m_Children:
  - {fileID: 2120615058}
  m_Father: {fileID: 951907480}
  m_RootOrder: 0
  m_LocalEulerAnglesHint: {x: 0, y: 0, z: 0}
--- !u!1 &1535535360
GameObject:
  m_ObjectHideFlags: 0
  m_CorrespondingSourceObject: {fileID: 100062, guid: 959d14bf134f54a6e993fe6ca6e063c0,
    type: 3}
  m_PrefabInternal: {fileID: 260883069}
  serializedVersion: 6
  m_Component:
  - component: {fileID: 1535535361}
  m_Layer: 0
  m_Name: BipDummy L Finger02
  m_TagString: Untagged
  m_Icon: {fileID: 0}
  m_NavMeshLayer: 0
  m_StaticEditorFlags: 0
  m_IsActive: 1
--- !u!4 &1535535361
Transform:
  m_ObjectHideFlags: 0
  m_CorrespondingSourceObject: {fileID: 400062, guid: 959d14bf134f54a6e993fe6ca6e063c0,
    type: 3}
  m_PrefabInternal: {fileID: 260883069}
  m_GameObject: {fileID: 1535535360}
  m_LocalRotation: {x: 0.032045208, y: 0.123279884, z: -0.24952908, w: 0.95995337}
  m_LocalPosition: {x: -0.032908816, y: -0.000000007629395, z: 0.00000003051758}
  m_LocalScale: {x: 0.9999999, y: 0.99999994, z: 1}
  m_Children: []
  m_Father: {fileID: 39300714}
  m_RootOrder: 0
  m_LocalEulerAnglesHint: {x: 0, y: 0, z: 0}
--- !u!1 &1546922767
GameObject:
  m_ObjectHideFlags: 0
  m_CorrespondingSourceObject: {fileID: 100040, guid: 959d14bf134f54a6e993fe6ca6e063c0,
    type: 3}
  m_PrefabInternal: {fileID: 260883069}
  serializedVersion: 6
  m_Component:
  - component: {fileID: 1546922768}
  m_Layer: 0
  m_Name: Bip002 R Thigh
  m_TagString: Untagged
  m_Icon: {fileID: 0}
  m_NavMeshLayer: 0
  m_StaticEditorFlags: 0
  m_IsActive: 1
--- !u!4 &1546922768
Transform:
  m_ObjectHideFlags: 0
  m_CorrespondingSourceObject: {fileID: 400040, guid: 959d14bf134f54a6e993fe6ca6e063c0,
    type: 3}
  m_PrefabInternal: {fileID: 260883069}
  m_GameObject: {fileID: 1546922767}
  m_LocalRotation: {x: -0.012553991, y: 0.99988455, z: -0.0005164296, w: -0.008549793}
  m_LocalPosition: {x: 0.09312867, y: -0.0024269181, z: -0.096502244}
  m_LocalScale: {x: 0.99999994, y: 1.0000001, z: 1.0000001}
  m_Children:
  - {fileID: 1059831906}
  m_Father: {fileID: 630866592}
  m_RootOrder: 1
  m_LocalEulerAnglesHint: {x: 0, y: 0, z: 0}
--- !u!1 &1553659182
GameObject:
  m_ObjectHideFlags: 0
  m_CorrespondingSourceObject: {fileID: 100114, guid: 959d14bf134f54a6e993fe6ca6e063c0,
    type: 3}
  m_PrefabInternal: {fileID: 260883069}
  serializedVersion: 6
  m_Component:
  - component: {fileID: 1553659183}
  m_Layer: 0
  m_Name: BipDummy R Finger42
  m_TagString: Untagged
  m_Icon: {fileID: 0}
  m_NavMeshLayer: 0
  m_StaticEditorFlags: 0
  m_IsActive: 1
--- !u!4 &1553659183
Transform:
  m_ObjectHideFlags: 0
  m_CorrespondingSourceObject: {fileID: 400114, guid: 959d14bf134f54a6e993fe6ca6e063c0,
    type: 3}
  m_PrefabInternal: {fileID: 260883069}
  m_GameObject: {fileID: 1553659182}
  m_LocalRotation: {x: 0.00000002317485, y: -0.000000022827779, z: -0.35736334, w: 0.93396544}
  m_LocalPosition: {x: -0.018896058, y: 0, z: -0.00000001525879}
  m_LocalScale: {x: 1.0000001, y: 1, z: 0.99999994}
  m_Children: []
  m_Father: {fileID: 1290507416}
  m_RootOrder: 0
  m_LocalEulerAnglesHint: {x: 0, y: 0, z: 0}
--- !u!1 &1586474061
GameObject:
  m_ObjectHideFlags: 0
  m_CorrespondingSourceObject: {fileID: 100096, guid: 959d14bf134f54a6e993fe6ca6e063c0,
    type: 3}
  m_PrefabInternal: {fileID: 260883069}
  serializedVersion: 6
  m_Component:
  - component: {fileID: 1586474062}
  m_Layer: 0
  m_Name: BipDummy R Finger12
  m_TagString: Untagged
  m_Icon: {fileID: 0}
  m_NavMeshLayer: 0
  m_StaticEditorFlags: 0
  m_IsActive: 1
--- !u!4 &1586474062
Transform:
  m_ObjectHideFlags: 0
  m_CorrespondingSourceObject: {fileID: 400096, guid: 959d14bf134f54a6e993fe6ca6e063c0,
    type: 3}
  m_PrefabInternal: {fileID: 260883069}
  m_GameObject: {fileID: 1586474061}
  m_LocalRotation: {x: 0.0000000045875606, y: 0.000000021875893, z: -0.20524399, w: 0.97871083}
  m_LocalPosition: {x: -0.01876288, y: -0.000000045776368, z: 0.00000001525879}
  m_LocalScale: {x: 1, y: 0.99999994, z: 0.99999994}
  m_Children: []
  m_Father: {fileID: 220264198}
  m_RootOrder: 0
  m_LocalEulerAnglesHint: {x: 0, y: 0, z: 0}
--- !u!1 &1608289417
GameObject:
  m_ObjectHideFlags: 0
  m_CorrespondingSourceObject: {fileID: 100064, guid: 959d14bf134f54a6e993fe6ca6e063c0,
    type: 3}
  m_PrefabInternal: {fileID: 260883069}
  serializedVersion: 6
  m_Component:
  - component: {fileID: 1608289418}
  m_Layer: 0
  m_Name: BipDummy L Finger1
  m_TagString: Untagged
  m_Icon: {fileID: 0}
  m_NavMeshLayer: 0
  m_StaticEditorFlags: 0
  m_IsActive: 1
--- !u!4 &1608289418
Transform:
  m_ObjectHideFlags: 0
  m_CorrespondingSourceObject: {fileID: 400064, guid: 959d14bf134f54a6e993fe6ca6e063c0,
    type: 3}
  m_PrefabInternal: {fileID: 260883069}
  m_GameObject: {fileID: 1608289417}
  m_LocalRotation: {x: -0.00039683317, y: -0.00003227424, z: -0.081061095, w: 0.99670905}
  m_LocalPosition: {x: -0.1003982, y: -0.003286377, z: -0.022277009}
  m_LocalScale: {x: 1, y: 0.99999994, z: 0.99999994}
  m_Children:
  - {fileID: 1738281904}
  m_Father: {fileID: 1053997057}
  m_RootOrder: 1
  m_LocalEulerAnglesHint: {x: 0, y: 0, z: 0}
--- !u!1 &1653629901
GameObject:
  m_ObjectHideFlags: 0
  m_CorrespondingSourceObject: {fileID: 100086, guid: 959d14bf134f54a6e993fe6ca6e063c0,
    type: 3}
  m_PrefabInternal: {fileID: 260883069}
  serializedVersion: 6
  m_Component:
  - component: {fileID: 1653629902}
  m_Layer: 0
  m_Name: BipDummy L Finger42
  m_TagString: Untagged
  m_Icon: {fileID: 0}
  m_NavMeshLayer: 0
  m_StaticEditorFlags: 0
  m_IsActive: 1
--- !u!4 &1653629902
Transform:
  m_ObjectHideFlags: 0
  m_CorrespondingSourceObject: {fileID: 400086, guid: 959d14bf134f54a6e993fe6ca6e063c0,
    type: 3}
  m_PrefabInternal: {fileID: 260883069}
  m_GameObject: {fileID: 1653629901}
  m_LocalRotation: {x: 0.00000001644754, y: 0.00000001808565, z: -0.41532043, w: 0.90967524}
  m_LocalPosition: {x: -0.01889612, y: 0, z: 0.000000045776368}
  m_LocalScale: {x: 1, y: 1.0000001, z: 1}
  m_Children: []
  m_Father: {fileID: 622188418}
  m_RootOrder: 0
  m_LocalEulerAnglesHint: {x: 0, y: 0, z: 0}
--- !u!1 &1653753812
GameObject:
  m_ObjectHideFlags: 0
  m_CorrespondingSourceObject: {fileID: 100004, guid: 959d14bf134f54a6e993fe6ca6e063c0,
    type: 3}
  m_PrefabInternal: {fileID: 260883069}
  serializedVersion: 6
  m_Component:
  - component: {fileID: 1653753813}
  m_Layer: 0
  m_Name: Bip002 L Clavicle
  m_TagString: Untagged
  m_Icon: {fileID: 0}
  m_NavMeshLayer: 0
  m_StaticEditorFlags: 0
  m_IsActive: 1
--- !u!4 &1653753813
Transform:
  m_ObjectHideFlags: 0
  m_CorrespondingSourceObject: {fileID: 400004, guid: 959d14bf134f54a6e993fe6ca6e063c0,
    type: 3}
  m_PrefabInternal: {fileID: 260883069}
  m_GameObject: {fileID: 1653753812}
  m_LocalRotation: {x: -0.69003224, y: -0.10505305, z: 0.7079568, w: -0.10778003}
  m_LocalPosition: {x: -0, y: 0.000108856206, z: 0.028353818}
  m_LocalScale: {x: 1, y: 1, z: 1}
  m_Children:
  - {fileID: 1768931555}
  m_Father: {fileID: 886382057}
  m_RootOrder: 1
  m_LocalEulerAnglesHint: {x: 0, y: 0, z: 0}
--- !u!1 &1738281903
GameObject:
  m_ObjectHideFlags: 0
  m_CorrespondingSourceObject: {fileID: 100066, guid: 959d14bf134f54a6e993fe6ca6e063c0,
    type: 3}
  m_PrefabInternal: {fileID: 260883069}
  serializedVersion: 6
  m_Component:
  - component: {fileID: 1738281904}
  m_Layer: 0
  m_Name: BipDummy L Finger11
  m_TagString: Untagged
  m_Icon: {fileID: 0}
  m_NavMeshLayer: 0
  m_StaticEditorFlags: 0
  m_IsActive: 1
--- !u!4 &1738281904
Transform:
  m_ObjectHideFlags: 0
  m_CorrespondingSourceObject: {fileID: 400066, guid: 959d14bf134f54a6e993fe6ca6e063c0,
    type: 3}
  m_PrefabInternal: {fileID: 260883069}
  m_GameObject: {fileID: 1738281903}
  m_LocalRotation: {x: -0.00000004303571, y: 0.000000014207038, z: -0.15310442, w: 0.98821}
  m_LocalPosition: {x: -0.047266666, y: 0, z: 0.00000003051758}
  m_LocalScale: {x: 1.0000001, y: 1.0000001, z: 1}
  m_Children:
  - {fileID: 753843406}
  m_Father: {fileID: 1608289418}
  m_RootOrder: 0
  m_LocalEulerAnglesHint: {x: 0, y: 0, z: 0}
--- !u!1 &1768931554
GameObject:
  m_ObjectHideFlags: 0
  m_CorrespondingSourceObject: {fileID: 100022, guid: 959d14bf134f54a6e993fe6ca6e063c0,
    type: 3}
  m_PrefabInternal: {fileID: 260883069}
  serializedVersion: 6
  m_Component:
  - component: {fileID: 1768931555}
  m_Layer: 0
  m_Name: Bip002 L UpperArm
  m_TagString: Untagged
  m_Icon: {fileID: 0}
  m_NavMeshLayer: 0
  m_StaticEditorFlags: 0
  m_IsActive: 1
--- !u!4 &1768931555
Transform:
  m_ObjectHideFlags: 0
  m_CorrespondingSourceObject: {fileID: 400022, guid: 959d14bf134f54a6e993fe6ca6e063c0,
    type: 3}
  m_PrefabInternal: {fileID: 260883069}
  m_GameObject: {fileID: 1768931554}
  m_LocalRotation: {x: 0.39572874, y: -0.43531165, z: 0.033002764, w: 0.80796874}
  m_LocalPosition: {x: -0.17969485, y: 9.536744e-10, z: 0}
  m_LocalScale: {x: 1.0000001, y: 1.0000001, z: 1}
  m_Children:
  - {fileID: 1458837684}
  m_Father: {fileID: 1653753813}
  m_RootOrder: 0
  m_LocalEulerAnglesHint: {x: 0, y: 0, z: 0}
--- !u!1 &1840196512
GameObject:
  m_ObjectHideFlags: 0
  m_CorrespondingSourceObject: {fileID: 100082, guid: 959d14bf134f54a6e993fe6ca6e063c0,
    type: 3}
  m_PrefabInternal: {fileID: 260883069}
  serializedVersion: 6
  m_Component:
  - component: {fileID: 1840196513}
  m_Layer: 0
  m_Name: BipDummy L Finger4
  m_TagString: Untagged
  m_Icon: {fileID: 0}
  m_NavMeshLayer: 0
  m_StaticEditorFlags: 0
  m_IsActive: 1
--- !u!4 &1840196513
Transform:
  m_ObjectHideFlags: 0
  m_CorrespondingSourceObject: {fileID: 400082, guid: 959d14bf134f54a6e993fe6ca6e063c0,
    type: 3}
  m_PrefabInternal: {fileID: 260883069}
  m_GameObject: {fileID: 1840196512}
  m_LocalRotation: {x: -0.002490904, y: 0.009521965, z: -0.21373138, w: 0.9768429}
  m_LocalPosition: {x: -0.09384656, y: 0.00909961, z: 0.03997948}
  m_LocalScale: {x: 1.0000001, y: 1.0000001, z: 0.9999999}
  m_Children:
  - {fileID: 622188418}
  m_Father: {fileID: 1053997057}
  m_RootOrder: 4
  m_LocalEulerAnglesHint: {x: 0, y: 0, z: 0}
--- !u!1 &1909931527
GameObject:
  m_ObjectHideFlags: 0
  m_CorrespondingSourceObject: {fileID: 100098, guid: 959d14bf134f54a6e993fe6ca6e063c0,
    type: 3}
  m_PrefabInternal: {fileID: 260883069}
  serializedVersion: 6
  m_Component:
  - component: {fileID: 1909931528}
  m_Layer: 0
  m_Name: BipDummy R Finger2
  m_TagString: Untagged
  m_Icon: {fileID: 0}
  m_NavMeshLayer: 0
  m_StaticEditorFlags: 0
  m_IsActive: 1
--- !u!4 &1909931528
Transform:
  m_ObjectHideFlags: 0
  m_CorrespondingSourceObject: {fileID: 400098, guid: 959d14bf134f54a6e993fe6ca6e063c0,
    type: 3}
  m_PrefabInternal: {fileID: 260883069}
  m_GameObject: {fileID: 1909931527}
  m_LocalRotation: {x: 0.0046662716, y: -0.023126798, z: -0.2611372, w: 0.9650134}
  m_LocalPosition: {x: -0.10838886, y: -0.005205994, z: 0.00035925294}
  m_LocalScale: {x: 1.0000001, y: 1.0000001, z: 1.0000001}
  m_Children:
  - {fileID: 904181670}
  m_Father: {fileID: 2003802864}
  m_RootOrder: 2
  m_LocalEulerAnglesHint: {x: 0, y: 0, z: 0}
--- !u!1 &1992831246
GameObject:
  m_ObjectHideFlags: 0
  m_CorrespondingSourceObject: {fileID: 100088, guid: 959d14bf134f54a6e993fe6ca6e063c0,
    type: 3}
  m_PrefabInternal: {fileID: 260883069}
  serializedVersion: 6
  m_Component:
  - component: {fileID: 1992831247}
  m_Layer: 0
  m_Name: BipDummy R Finger01
  m_TagString: Untagged
  m_Icon: {fileID: 0}
  m_NavMeshLayer: 0
  m_StaticEditorFlags: 0
  m_IsActive: 1
--- !u!4 &1992831247
Transform:
  m_ObjectHideFlags: 0
  m_CorrespondingSourceObject: {fileID: 400088, guid: 959d14bf134f54a6e993fe6ca6e063c0,
    type: 3}
  m_PrefabInternal: {fileID: 260883069}
  m_GameObject: {fileID: 1992831246}
  m_LocalRotation: {x: -0.0000000054362164, y: 0.0000000012932826, z: -0.23144192,
    w: 0.9728487}
  m_LocalPosition: {x: -0.028966065, y: 0.00000003051758, z: 0}
  m_LocalScale: {x: 1, y: 0.99999994, z: 1}
  m_Children:
  - {fileID: 1434849848}
  m_Father: {fileID: 2094688270}
  m_RootOrder: 0
  m_LocalEulerAnglesHint: {x: 0, y: 0, z: 0}
--- !u!4 &2003802864
Transform:
  m_ObjectHideFlags: 0
  m_CorrespondingSourceObject: {fileID: 400038, guid: 959d14bf134f54a6e993fe6ca6e063c0,
    type: 3}
  m_PrefabInternal: {fileID: 260883069}
  m_GameObject: {fileID: 677638901}
  m_LocalRotation: {x: 0.72127545, y: 0.08105711, z: 0.07682161, w: 0.68358606}
  m_LocalPosition: {x: -0.2430326, y: 0.00000003051758, z: -0.00000006103516}
  m_LocalScale: {x: 0.99999994, y: 1, z: 0.99999994}
  m_Children:
  - {fileID: 2094688270}
  - {fileID: 493428892}
  - {fileID: 1909931528}
  - {fileID: 1383052060}
  - {fileID: 303032850}
  - {fileID: 1326096876}
  m_Father: {fileID: 1292982885}
  m_RootOrder: 0
  m_LocalEulerAnglesHint: {x: 0, y: 0, z: 0}
--- !u!1 &2052917519
GameObject:
  m_ObjectHideFlags: 0
  m_CorrespondingSourceObject: {fileID: 100014, guid: 959d14bf134f54a6e993fe6ca6e063c0,
    type: 3}
  m_PrefabInternal: {fileID: 260883069}
  serializedVersion: 6
  m_Component:
  - component: {fileID: 2052917520}
  m_Layer: 0
  m_Name: Bip002 L Thigh
  m_TagString: Untagged
  m_Icon: {fileID: 0}
  m_NavMeshLayer: 0
  m_StaticEditorFlags: 0
  m_IsActive: 1
--- !u!4 &2052917520
Transform:
  m_ObjectHideFlags: 0
  m_CorrespondingSourceObject: {fileID: 400014, guid: 959d14bf134f54a6e993fe6ca6e063c0,
    type: 3}
  m_PrefabInternal: {fileID: 260883069}
  m_GameObject: {fileID: 2052917519}
  m_LocalRotation: {x: -0.012555973, y: 0.9998845, z: 0.0005191883, w: 0.008549745}
  m_LocalPosition: {x: 0.09312867, y: -0.0024274522, z: 0.096502244}
  m_LocalScale: {x: 1, y: 1, z: 1.0000001}
  m_Children:
  - {fileID: 195107429}
  m_Father: {fileID: 630866592}
  m_RootOrder: 0
  m_LocalEulerAnglesHint: {x: 0, y: 0, z: 0}
--- !u!1 &2061910665
GameObject:
  m_ObjectHideFlags: 0
  m_CorrespondingSourceObject: {fileID: 100048, guid: 959d14bf134f54a6e993fe6ca6e063c0,
    type: 3}
  m_PrefabInternal: {fileID: 260883069}
  serializedVersion: 6
  m_Component:
  - component: {fileID: 2061910666}
  m_Layer: 0
  m_Name: Bip002 R UpperArm
  m_TagString: Untagged
  m_Icon: {fileID: 0}
  m_NavMeshLayer: 0
  m_StaticEditorFlags: 0
  m_IsActive: 1
--- !u!4 &2061910666
Transform:
  m_ObjectHideFlags: 0
  m_CorrespondingSourceObject: {fileID: 400048, guid: 959d14bf134f54a6e993fe6ca6e063c0,
    type: 3}
  m_PrefabInternal: {fileID: 260883069}
  m_GameObject: {fileID: 2061910665}
  m_LocalRotation: {x: -0.39572957, y: 0.43531126, z: 0.033003364, w: 0.80796844}
  m_LocalPosition: {x: -0.17969485, y: 9.536744e-10, z: 0}
  m_LocalScale: {x: 1.0000001, y: 1.0000001, z: 1}
  m_Children:
  - {fileID: 1292982885}
  m_Father: {fileID: 1439946713}
  m_RootOrder: 0
  m_LocalEulerAnglesHint: {x: 0, y: 0, z: 0}
--- !u!1 &2082835393
GameObject:
  m_ObjectHideFlags: 0
  m_CorrespondingSourceObject: {fileID: 100118, guid: 959d14bf134f54a6e993fe6ca6e063c0,
    type: 3}
  m_PrefabInternal: {fileID: 260883069}
  serializedVersion: 6
  m_Component:
  - component: {fileID: 2082835394}
  - component: {fileID: 2082835397}
  - component: {fileID: 2082835395}
  - component: {fileID: 2082835396}
  m_Layer: 0
  m_Name: Dummy
  m_TagString: Untagged
  m_Icon: {fileID: 0}
  m_NavMeshLayer: 0
  m_StaticEditorFlags: 0
  m_IsActive: 1
--- !u!4 &2082835394
Transform:
  m_ObjectHideFlags: 0
  m_CorrespondingSourceObject: {fileID: 400118, guid: 959d14bf134f54a6e993fe6ca6e063c0,
    type: 3}
  m_PrefabInternal: {fileID: 260883069}
  m_GameObject: {fileID: 2082835393}
  m_LocalRotation: {x: 0, y: 0, z: 0, w: 1}
  m_LocalPosition: {x: 0, y: 0, z: 0}
  m_LocalScale: {x: 1, y: 1, z: 1}
  m_Children:
  - {fileID: 1316688097}
  - {fileID: 218855502}
  m_Father: {fileID: 0}
  m_RootOrder: 4
  m_LocalEulerAnglesHint: {x: 0, y: 0, z: 0}
--- !u!114 &2082835395
MonoBehaviour:
  m_ObjectHideFlags: 0
  m_CorrespondingSourceObject: {fileID: 0}
  m_PrefabInternal: {fileID: 0}
  m_GameObject: {fileID: 2082835393}
  m_Enabled: 1
  m_EditorHideFlags: 0
  m_Script: {fileID: 11500000, guid: 5013856973b27429d937d256dc082f2e, type: 3}
  m_Name: 
  m_EditorClassIdentifier: 
  fixTransforms: 1
  solver:
    IKPosition: {x: 0.0000024362898, y: 0.55411285, z: 2.86247}
    IKPositionWeight: 1
    root: {fileID: 2082835394}
    target: {fileID: 1222256823}
    tolerance: 0
    maxIterations: 4
    useRotationLimits: 0
    XY: 0
    bones:
    - transform: {fileID: 704622890}
      weight: 1
      solverPosition: {x: 0, y: 0, z: 0}
      solverRotation: {x: 0, y: 0, z: 0, w: 1}
      defaultLocalPosition: {x: -0.10531403, y: -0.00008385659, z: -2.3259054e-10}
      defaultLocalRotation: {x: 4.0745185e-14, y: 0, z: -0, w: 1}
      length: 0
      sqrMag: 0
      axis: {x: 0, y: 0, z: 0}
    - transform: {fileID: 1426189641}
      weight: 0.18844983
      solverPosition: {x: 0, y: 0, z: 0}
      solverRotation: {x: 0, y: 0, z: 0, w: 1}
      defaultLocalPosition: {x: -0.10531482, y: -0.00008385659, z: -2.3258327e-10}
      defaultLocalRotation: {x: -8.096637e-15, y: 0.000000010320556, z: -0.0037209948,
        w: 0.9999931}
      length: 0
      sqrMag: 0
      axis: {x: 0, y: 0, z: 0}
    - transform: {fileID: 326545851}
      weight: 0.23809524
      solverPosition: {x: 0, y: 0, z: 0}
      solverRotation: {x: 0, y: 0, z: 0, w: 1}
      defaultLocalPosition: {x: -0.10531482, y: -0.00008385468, z: -2.3258327e-10}
      defaultLocalRotation: {x: -1.1736887e-13, y: 0.000000010320554, z: -0.0037209955,
        w: 0.9999931}
      length: 0
      sqrMag: 0
      axis: {x: 0, y: 0, z: 0}
    - transform: {fileID: 886382057}
      weight: 0.5714286
      solverPosition: {x: 0, y: 0, z: 0}
      solverRotation: {x: 0, y: 0, z: 0, w: 1}
      defaultLocalPosition: {x: -0.10534644, y: -0.00010401631, z: -2.884772e-10}
      defaultLocalRotation: {x: 4.448862e-14, y: 0.0000004163574, z: -0.15011443,
        w: 0.9886686}
      length: 0
      sqrMag: 0
      axis: {x: 0, y: 0, z: 0}
    transform: {fileID: 886382057}
    axis: {x: 0, y: 1, z: 0}
    poleAxis: {x: 0, y: 0, z: 1}
    polePosition: {x: -3.0000007, y: 1.4099374, z: -0.01286416}
    poleWeight: 0
    poleTarget: {fileID: 0}
    clampWeight: 0.5
    clampSmoothing: 2
--- !u!114 &2082835396
MonoBehaviour:
  m_ObjectHideFlags: 0
  m_CorrespondingSourceObject: {fileID: 0}
  m_PrefabInternal: {fileID: 0}
  m_GameObject: {fileID: 2082835393}
  m_Enabled: 1
  m_EditorHideFlags: 0
  m_Script: {fileID: 11500000, guid: 8ccef35d59367884b8f5847c819438b4, type: 3}
  m_Name: 
  m_EditorClassIdentifier: 
  ik: {fileID: 2082835395}
  animatedSwingDirection: {x: 0, y: -0.3, z: 1}
--- !u!95 &2082835397
Animator:
  serializedVersion: 3
  m_ObjectHideFlags: 0
  m_CorrespondingSourceObject: {fileID: 9500000, guid: 959d14bf134f54a6e993fe6ca6e063c0,
    type: 3}
  m_PrefabInternal: {fileID: 260883069}
  m_GameObject: {fileID: 2082835393}
  m_Enabled: 1
  m_Avatar: {fileID: 9000000, guid: 959d14bf134f54a6e993fe6ca6e063c0, type: 3}
  m_Controller: {fileID: 9100000, guid: c6a41433f43f04320a84210d6839f609, type: 2}
  m_CullingMode: 1
  m_UpdateMode: 0
  m_ApplyRootMotion: 0
  m_LinearVelocityBlending: 0
  m_WarningMessage: 
  m_HasTransformHierarchy: 1
  m_AllowConstantClipSamplingOptimization: 1
  m_KeepAnimatorControllerStateOnDisable: 0
--- !u!1 &2094688269
GameObject:
  m_ObjectHideFlags: 0
  m_CorrespondingSourceObject: {fileID: 100032, guid: 959d14bf134f54a6e993fe6ca6e063c0,
    type: 3}
  m_PrefabInternal: {fileID: 260883069}
  serializedVersion: 6
  m_Component:
  - component: {fileID: 2094688270}
  m_Layer: 0
  m_Name: Bip002 R Finger0
  m_TagString: Untagged
  m_Icon: {fileID: 0}
  m_NavMeshLayer: 0
  m_StaticEditorFlags: 0
  m_IsActive: 1
--- !u!4 &2094688270
Transform:
  m_ObjectHideFlags: 0
  m_CorrespondingSourceObject: {fileID: 400032, guid: 959d14bf134f54a6e993fe6ca6e063c0,
    type: 3}
  m_PrefabInternal: {fileID: 260883069}
  m_GameObject: {fileID: 2094688269}
  m_LocalRotation: {x: -0.4061612, y: 0.2668805, z: 0.03686745, w: 0.8731831}
  m_LocalPosition: {x: -0.04263898, y: 0.010434327, z: 0.0281187}
  m_LocalScale: {x: 1.0000001, y: 1, z: 0.9999999}
  m_Children:
  - {fileID: 1992831247}
  m_Father: {fileID: 2003802864}
  m_RootOrder: 0
  m_LocalEulerAnglesHint: {x: 0, y: 0, z: 0}
--- !u!1 &2120615057
GameObject:
  m_ObjectHideFlags: 0
  m_CorrespondingSourceObject: {fileID: 100020, guid: 959d14bf134f54a6e993fe6ca6e063c0,
    type: 3}
  m_PrefabInternal: {fileID: 260883069}
  serializedVersion: 6
  m_Component:
  - component: {fileID: 2120615058}
  m_Layer: 0
  m_Name: Bip002 L Toe02
  m_TagString: Untagged
  m_Icon: {fileID: 0}
  m_NavMeshLayer: 0
  m_StaticEditorFlags: 0
  m_IsActive: 1
--- !u!4 &2120615058
Transform:
  m_ObjectHideFlags: 0
  m_CorrespondingSourceObject: {fileID: 400020, guid: 959d14bf134f54a6e993fe6ca6e063c0,
    type: 3}
  m_PrefabInternal: {fileID: 260883069}
  m_GameObject: {fileID: 2120615057}
  m_LocalRotation: {x: 0, y: -9.407548e-16, z: -0, w: 1}
  m_LocalPosition: {x: -0.012151627, y: 0, z: -0.000000007629395}
  m_LocalScale: {x: 1, y: 1, z: 1}
  m_Children: []
  m_Father: {fileID: 1509236481}
  m_RootOrder: 0
  m_LocalEulerAnglesHint: {x: 0, y: 0, z: 0}
